2946 4746
705 355 747 367 ..
765 330 803 384 56
823 357 863 369 ..

208 453 424 536 confirmabat,
436 445 630 520 considerata
645 454 754 521 multis
762 435 864 521 modis
876 453 1088 541 improborum
1103 454 1177 538 rita,
1194 454 1274 523 sicut
1288 445 1355 521 rem

209 565 294 652 prius
307 565 461 632 deducere
484 575 615 632 conatur
630 565 663 631 in
685 566 797 632 eodem
821 566 946 653 dialogo
962 565 1094 649 Critias,
1119 588 1213 653 quem
1229 563 1355 633 Prodici

208 680 290 746 lraud
305 700 396 747 secus
407 691 500 767 atque
520 679 656 748 Socratis
670 680 845 748 auditorem
866 681 979 764 luisse,
996 693 1026 749 et
1045 683 1181 770 primum
1195 693 1357 750 tantorum

206 795 345 860 virorum
359 794 510 861 doctrinis
525 795 643 880 optime
653 781 751 862 'usum
768 816 837 862 esse
854 792 988 862 constat.
1072 854 1075 859 Α

252 907 383 975 Constat
399 908 516 990 etiarn,
535 920 568 974 ut
584 929 677 994 supra
699 910 961 993 memoravimus,
990 910 1072 976 hanc
1089 908 1170 977 male
1193 918 1358 994 acceptam

195 1041 278 1088 esse
295 1020 560 1106 disputationem,
591 1020 875 1109 philosophumque
895 1023 945 1089 his
959 1023 1011 1110 qui
1026 1023 1156 1089 aderant
1170 1021 1213 1088 ita
1225 1003 1358 1087 mentiri

205 1133 309 1200 risum
326 1153 396 1200 esse
415 1143 450 1199 ut
462 1144 646 1220 nugatorem
664 1146 718 1201 aut
742 1136 896 1202 hariolum
917 1135 1122 1219 crediderint,
1147 1133 1358 1219 deriseritque

87 1314 91 1321 ,
205 1246 333 1332 quidam
348 1247 466 1313 facetus
481 1246 665 1314 adolescens
678 1267 696 1314 a
707 1268 769 1334 qno
780 1247 889 1334 jussus
909 1260 957 1316 est
971 1249 1046 1337 quid
1069 1250 1161 1316 vellet
1183 1248 1356 1335 explicare.

205 1360 296 1441 Quod
308 1359 451 1446 quamvis
465 1360 582 1427 invitus
599 1361 734 1445 laceret,
757 1382 831 1430 mon
852 1362 982 1449 jubente
1004 1363 1261 1451 gymnasiarcho,
1280 1361 1359 1428 iude

206 1473 304 1559 abiit,
330 1474 558 1560 Socratesque,
581 1477 633 1562 qui
662 1497 730 1543 rem
755 1488 880 1560 narrat,
906 1477 1032 1564 subjicit
1055 1478 1123 1544 lucc
1147 1498 1217 1544 sese
1247 1497 1360 1544 receu-

210 1609 301 1671 sere,
326 1599 362 1654 ut
390 1599 534 1675 appareat
555 1590 713 1674 quomodo
738 1590 884 1658 homines
904 1591 1004 1658 affecti
1031 1591 1094 1656 sint
1119 1611 1192 1678 erga
1217 1590 1364 1677 philoso-

204 1704 312 1790 phiam
333 1703 345 1784 (
368 1703 394 1782 ).
1030 1786 1034 1800 ἢ
1368 1768 1371 1774 «

249 1816 311 1884 Sed
320 1816 474 1902 quaedam,
484 1818 554 1902 qnae
565 1818 657 1904 vulgo
667 1819 786 1896 ederet,
798 1839 892 1906 opera
901 1819 945 1884 ita
954 1817 1181 1904 conscripserat
1188 1816 1357 1900 Prodicus,

204 1940 251 2013 ut,
258 1929 721 2016 poetarummore,perlahulas
731 1930 1191 2018 purisclegautihusqueverbis
1200 1941 1358 2007 narratas,

202 2042 351 2109 omnihus
370 2042 536 2131 placendo,
559 2063 671 2109 omnes
692 2043 904 2131 doceretque
921 2045 984 2110 sint
999 2064 1071 2110 vera
1088 2043 1226 2110 hominis
1239 2042 1358 2125 officia,

396 2143 407 2172 9

391 2186 463 2252 Quid
474 2185 578 2250 deceat,
593 2187 656 2256 quid
670 2200 735 2274 nou,
752 2201 806 2257 quo
822 2171 915 2250 virtus,
924 2203 979 2258 qno
991 2187 1056 2242 leret
1065 2201 1153 2242 error.

200 2311 257 2377 His
277 2311 309 2376 in
324 2311 413 2377 libris
427 2331 506 2396 quos
518 2311 667 2378 omuibus
678 2297 836 2379 ostentare
851 2321 973 2398 poterat
990 2311 1057 2391 (ἓ),
1074 2312 1181 2397 populi
1196 2313 1362 2398 opinioni·
1427 2313 1432 2321 ’

201 2415 282 2500 bus,
318 2439 517 2505 nequaqnam
549 2432 655 2487 tamen
682 2421 860 2508 posthabita
884 2422 1034 2505 veritate,
1066 2423 1223 2508 parcebat.
1257 2424 1360 2513 Cujus

201 2531 326 2616 generis
340 2532 399 2598 fuit
417 2532 494 2599 illud
507 2533 590 2618 quod
610 2532 806 2600 brevioribus
820 2546 942 2602 tanturn
956 2534 1121 2601 Themistii
1139 2535 1242 2603 verbis
1261 2538 1360 2605 nobis

200 2645 364 2732 cognitum
385 2657 434 2713 est
458 2647 498 2713 de
526 2647 724 2733 Agricultura
746 2648 822 2730 (περὶ
847 2648 1014 2731 puppini)
1039 2669 1139 2736 opus,
1178 2650 1234 2718 scd
1262 2653 1359 2738 quale

200 2761 295 2827 suerit
321 2781 359 2828 ex
382 2761 525 2848 ejusdem
555 2762 708 2849 propositi
736 2763 929 2830 orationihus
957 2783 1034 2849 quas
1059 2776 1169 2850 postea
1196 2766 1360 2835 Maximus

200 2872 334 2960 Tyrius,
357 2874 520 2958 Libanius,
545 2875 705 2962 ceterique
726 2875 905 2963 degeneris,
919 2876 976 2944 sed
988 2876 1087 2963 pulcri
1103 2898 1228 2965 sempor
1241 2901 1360 2948 aman-

199 2985 330 3078 tissimae
344 2985 469 3052 Graeciae
485 2986 641 3071 Sophistae
661 2988 866 3072 rhetoresque
887 2986 1053 3072 scripsere.

245 3099 447 3186 Exeaquam
461 3101 565 3187 operis
581 3100 679 3186 partis
707 3119 862 3166 summam
885 3100 1008 3166 exstare
1036 3100 1118 3186 apud
1142 3101 1359 3170 Themistium

199 3225 309 3302 putem
325 3215 372 3299 (3)
388 3269 396 3295 ,
413 3216 502 3283 facile
517 3226 566 3282 est
581 3215 759 3308 intelligere
773 3235 837 3281 non
852 3215 935 3282 tritis
949 3215 1008 3280 viis
1028 3215 1217 3301 processisse
1243 3216 1362 3284 Prodi-

199 3346 273 3393 cum
289 3339 551 3397 anuumerantem
570 3327 890 3423 (quod-Themistio
910 3327 1038 3414 judice,
1067 3327 1200 3414 egregiae
1226 3328 1361 3414 sapien-

198 3442 250 3507 tiae
267 3448 336 3528 est)
356 3443 472 3530 pulcris
489 3444 688 3530 agriculturae
710 3441 804 3508 relius
827 3443 932 3509 omnia
956 3418 1122 3507 hominum
1149 3441 1300 3510 sacrificia
1325 3457 1363 3513 et

198 3556 349 3644 mysteria
380 3568 412 3624 et
446 3566 621 3625 conventus
652 3566 685 3622 et
710 3555 926 3638 carimonias,
954 3554 1259 3646 existimantemque
1280 3557 1361 3626 inde

197 3668 334 3742 Deorum
348 3668 595 3737 benivolentiam
626 3667 658 3733 in
680 3667 827 3735 homines
849 3668 977 3734 venisse
999 3675 1031 3731 et
1052 3685 1180 3732 omnem
1202 3669 1363 3753 pictatem

195 3779 382 3847 manavissc.
401 3781 490 3863 Quod
504 3781 583 3847 adeo
602 3777 758 3866 placuisse
775 3778 895 3846 Socrati
915 3775 1156 3862 Xenophontivc
1176 3779 1302 3848 videtur
1323 3797 1364 3852 ut
1434 3788 1438 3793 '

195 3893 248 3959 ille
269 3892 302 3959 in
324 3896 533 3962 OEcooomico
557 3915 593 3984 ea
615 3890 818 3975 meminerit,
835 3892 967 3959 dicens:
989 3888 1111 3956 «Nulla
1134 3891 1194 3960 alia
1209 3905 1277 3962 arte
1293 3898 1366 3983 pri·

236 4113 269 4182 (1)
293 4118 332 4171 De
346 4117 386 4174 his
399 4118 523 4175 omnibus
538 4120 566 4175 V.
582 4122 686 4188 Eryx„
703 4129 730 4185 p.
745 4115 808 4174 uu.

233 4211 268 4278 (ἓ)
288 4213 604 4285 recommemorata.
624 4218 658 4278 ll.
681 4227 706 4270 c.
723 4227 745 4270 1.
760 4213 803 4269 nt.
820 4228 881 4283 sqq.

233 4306 267 4376 (ὅ)
290 4313 377 4370 Orat.
395 4330 453 4372 nur.
