2946 4746
686 306 843 363 ..52-

198 434 328 502 tundam
344 431 507 501 verborum
520 433 791 520 compositionem.
812 434 850 500 Hi
864 454 939 501 sane
953 447 1026 502 sunt
1041 441 1164 506 numeri
1179 445 1336 528 generosi,

196 560 231 615 ut
256 548 391 635 loquitur
412 547 578 635 Dionysius
601 545 671 634 (l),
702 568 810 634 graves
832 559 864 615 ct
888 549 1004 635 ampli,
1026 571 1042 616 e
1069 552 1182 638 quibus
1206 558 1339 626 efficitur

194 672 347 728 structura
374 660 546 747 majestatis
571 660 685 746 plena,
705 661 842 744 stabilis,
863 673 895 729 et
917 663 1103 749 magnilica,
1119 653 1212 751 quam
1229 683 1337 755 postea

194 777 243 842 vel
257 776 385 842 maximi
404 785 478 842 sunt
497 775 633 851 aemulati
656 786 811 859 oratores,
833 788 925 863 atque
946 777 1035 864 cujus
1052 789 1138 846 tanto
1154 783 1258 850 studio
1276 785 1335 871 ipsi

193 888 386 975 descripsere
401 888 486 974 leges
498 888 619 954 Tullius
631 899 663 954 et
674 887 903 975 Quintilianum
923 909 960 956 ea
979 902 1027 957 est
1047 892 1114 958 sine
1130 895 1225 961 dubio
1241 918 1336 983 quam

189 1001 362 1087 paeonicam
387 1001 653 1069 constructionem
681 1012 771 1067 vocat
797 1002 976 1069 Demetrius
1006 1003 1053 1088 (2)
1080 1025 1143 1072 non
1171 1010 1337 1094 paeonibus

189 1113 317 1199 quidem
333 1113 485 1199 exquisite
501 1123 718 1196 constantem,
736 1114 791 1180 scd
806 1115 979 1201 paeonieum
992 1117 1141 1201 quiddam
1156 1131 1331 1197 tenentem,

191 1227 342 1314 grandem
366 1227 459 1293 simul
482 1237 514 1293 et
534 1227 801 1293 accommodatam
827 1228 979 1300 orationi,
1008 1242 1117 1316 utpote
1137 1233 1170 1298 in
1185 1254 1245 1319 qua
1259 1257 1336 1303 cou-

189 1339 281 1406 cinne
299 1349 477 1426 temperate
491 1339 593 1425 longis
608 1337 718 1406 breves
731 1339 855 1426 syllabis
870 1340 1037 1427 prodeunt.

231 1454 290 1520 Hic
302 1464 335 1520 et
350 1453 439 1519 lacile
456 1452 569 1518 mirere
580 1450 665 1537 justa
679 1462 744 1519 arte
759 1453 908 1540 disposita
922 1454 1066 1542 quaejam
1079 1456 1334 1546 abltujusaetatis

188 1567 362 1635 oratoribus
372 1566 469 1632 nimia
482 1565 648 1652 aliquando
660 1566 838 1632 curiositate
853 1566 969 1634 adscita
984 1569 1071 1636 suere
1081 1571 1267 1641 elocutionis
1281 1597 1334 1642 or-

189 1690 349 1764 namenta,
365 1677 540 1766 quibusque
557 1679 720 1764 paulopost
733 1683 877 1744 similiter
895 1684 1100 1750 desinentibus
1114 1686 1331 1768 (iporiensem)

187 1797 388 1877 similiterque
407 1795 585 1858 cadentibus
607 1791 809 1872 (ὁμοιοπτώτοις)
834 1792 962 1859 uomina
984 1794 1086 1862 fecere
1106 1798 1259 1864 rhetores,
1276 1796 1333 1863 Hi's

187 1929 261 1976 vero
275 1908 395 1975 valdius
407 1909 508 1995 placet
518 1905 710 1973 incredibilis
720 1906 772 1972 illa
784 1905 951 1973 uerborum
965 1909 1108 1981 varietas,
1122 1922 1154 1977 et
1165 1922 1333 1998 peracutus

187 2022 383 2110 diligensque
404 2022 557 2102 delectus,
575 2034 671 2106 quem
698 2020 868 2106 praecipuas
896 2020 978 2087 inter
1001 2023 1150 2096 orationis
1173 2025 1263 2092 dotes
1275 2026 1332 2091 ad-

186 2138 337 2224 seripserc
358 2134 449 2201 multi
474 2134 532 2217 (3),
559 2143 650 2219 atque
671 2133 769 2219 ipsius
792 2134 979 2220 eloquentie
1001 2136 1155 2223 originem
1177 2159 1246 2205 esse
1272 2161 1328 2207 vo-

96 2233 99 2239 ’
185 2252 272 2317 luere
297 2250 359 2337 (ll).
375 2246 452 2314 lude
467 2246 585 2313 eminet
601 2245 692 2328 mira,
716 2256 746 2312 et
764 2265 857 2332 quarn
879 2247 938 2313 sibi
952 2246 1065 2316 merito
1080 2250 1282 2336 gloriabatur,
1297 2253 1331 2319 in

185 2364 289 2431 uerbis
304 2360 534 2448 distinguendis
544 2358 666 2426 Prodici
679 2360 822 2427 solertia:
837 2359 926 2448 cujus
946 2362 1014 2428 haec
1030 2372 1150 2430 tontum
1165 2364 1247 2432 iuter
1258 2367 1329 2452 plu-

186 2476 265 2542 rima
279 2475 320 2543 sit
329 2473 405 2542 satis
417 2483 525 2541 notare
540 2471 682 2557 exempla
698 2499 705 2536 :
720 2478 963 2553 ἀγαπητὴσυνεργὸς
975 2482 1112 2553 τεχνίταις,
1133 2485 1229 2556 εὐμενὴς
1244 2489 1329 2560 παρά-

186 2615 274 2659 στατις
295 2593 413 2666 οἰκέταις,
431 2595 455 2648 ἐν
471 2594 552 2669 εἰρήνῃ
571 2591 709 2666 συλλήπρια
725 2590 814 2661 πόνων,
831 2591 854 2644 ἐν
874 2590 970 2665 πολέμῳ
988 2593 1120 2666 σύμμαχος
1138 2589 1225 2668 ἔργων,
1249 2597 1328 2670 φιλίας

181 2705 301 2766 κοινωνός.
316 2694 379 2763 Sed
391 2703 463 2759 ante
477 2688 595 2772 omnia,
612 2688 768 2754 allcrcnda
789 2698 878 2754 erant
893 2707 960 2775 qum
974 2689 1074 2756 uarias
1093 2691 1231 2759 notionis
1242 2698 1330 2765 ἡδονῆς

184 2821 288 2897 partes
302 2807 385 2875 vane
410 2804 585 2891 significant
604 2799 751 2869 vocabula
767 2829 774 2866 :
792 2808 1152 2889 χαρά,τέρ1ις,εὺφροσύνη;
1179 2824 1328 2891 namque,

182 2944 279 3013 quum
295 2923 327 2989 id
341 2908 463 2987 Prodici
476 2916 655 3004 exemplum
674 2913 806 2980 adducat
825 2913 1009 2980 Aristoteles
1024 2916 1086 3001 (ii),
1105 2917 1181 2984 satis
1192 2920 1333 2986 ostendit

184 3039 223 3106 de
243 3037 376 3105 Hercule
390 3033 460 3101 libri
475 3041 595 3119 partem
610 3030 674 3095 sere
692 3027 770 3114 ipsis
782 3027 886 3094 uerbis
900 3047 917 3093 a
932 3029 1141 3116 Xenophonte
1158 3031 1255 3099 fnisse
1274 3053 1330 3100 ex-

182 3154 341 3242 scriptam.
1040 3138 1049 3153 ⁶

223 3266 360 3353 Hujusce
375 3260 499 3348 generis
514 3255 637 3325 dicendi
663 3255 784 3341 copiam
799 3264 831 3320 ct
844 3253 956 3321 decora
976 3254 1009 3320 in
1038 3255 1178 3323 oratione
1201 3261 1237 3322 de
1259 3261 1328 3326 Vite

119 3362 122 3368 ¹
181 3393 210 3449 et
224 3383 327 3448 Morte
338 3375 514 3464 perspicere
528 3373 613 3454 licet,
627 3368 716 3456 cujus
729 3367 767 3460 ab
780 3387 833 3434 ore
847 3367 997 3451 Socratis,
1012 3367 1043 3434 in
1065 3372 1218 3453 detectio,
1245 3392 1327 3439 nou-

181 3494 296 3573 nullas‚
308 3502 342 3558 ut
351 3488 501 3575 loquitur,
517 3484 666 3571 etquales
678 3481 781 3548 reddit
790 3481 888 3564 Echo,
904 3480 1058 3566 imagines
1071 3483 1241 3565 (ἀπηχὴματα
1252 3495 1262 3556 )
1275 3505 1326 3552 ac-

119 3776 122 3780 ι
218 3710 253 3778 (1)
275 3711 338 3764 Lot.
353 3704 397 3760 eit.
412 3716 497 3766 mur,
513 3714 539 3771 p.
554 3699 615 3758 135.

220 3810 253 3877 (1)
276 3822 302 3876 p.
318 3805 362 3862 st.

216 3907 249 3976 (3)
272 3902 448 3973 'theophrast
466 3896 534 3969 apud
549 3896 658 3964 Dionys.
675 3893 806 3949 Halicore.
819 3897 910 3950 isocr.
928 3894 983 3950 tit.
1001 3909 1045 3949 nt.

191 4030 193 4034 ·
216 4005 249 4073 (lt)
271 4006 294 4060 l.
315 4004 400 4058 Caeser
414 3997 483 4068 apud
497 3995 582 4052 Cicer.
598 3999 679 4049 Brut.
695 4007 779 4046 unxit.

215 4105 251 4174 (5)
272 4103 368 4170 roptc.
383 4099 428 4164 11,
449 4098 475 4161 tt,
490 4110 516 4166 p.
534 4093 682 4158 11t.‚eott.
698 4092 789 4148 ssuhlc.
800 4119 833 4132 -
844 4093 883 4148 Gi.
896 4091 1015 4148 Herulus
1030 4091 1055 4147 in
1069 4092 1169 4148 Platon.
1187 4092 1315 4157 Piretis,

174 4208 240 4267 nst..
253 4218 279 4272 p.
297 4201 358 4258 191.
372 4225 404 4239 -
419 4195 522 4267 Aliquid
532 4193 614 4250 simile
624 4200 706 4248 exstat
719 4192 746 4247 in
757 4196 875 4260 Protup.
886 4229 892 4257 ,
905 4205 933 4259 p,
945 4189 1013 4252 201,
1028 4193 1062 4258 D,
1077 4192 1140 4256 212,
1155 4193 1189 4255 G,
1204 4188 1249 4246 ubi
1270 4191 1317 4245 mr.

172 4300 245 4362 nime
261 4294 434 4354 dubitandum
445 4291 508 4363 quin
524 4289 628 4346 Prodici
644 4288 749 4343 modum
761 4285 862 4343 reterre
874 4285 985 4341 voluerit
1000 4286 1081 4341 Pluto.
1103 4316 1106 4324 ·
