2946 4746
612 313 769 368 ..55-

122 430 310 517 Empiricos,
334 434 494 501 nonnullis
515 445 620 504 tamen
636 438 818 525 explicatis:
839 438 1024 506 «Prodicus
1043 452 1148 508 autem
1168 441 1263 511 Ceius

123 542 223 609 solem
237 543 315 611 dixit
332 556 364 614 et
375 546 481 613 lunam
493 544 525 615 et
542 549 695 621 fluvioset
705 561 842 635 montes,
855 560 899 635 ct,
913 551 946 619 in
956 572 1092 638 summa,
1108 574 1265 641 quaecum-

124 677 185 742 que
199 657 319 743 prosint
334 659 403 726 vitae
419 672 534 729 nostrae
548 683 567 730 a
588 663 747 732 veteribus
761 665 844 733 Deos
865 665 1059 734 existimatos
1073 687 1155 751 csse,
1171 687 1265 757 prop·

124 780 174 835 tor
187 770 355 843 utilitatem
376 794 443 860 quan
456 795 494 841 ex
514 776 553 843 iis
567 777 727 864 accipitur.
744 778 908 860 Quomodo
922 779 1060 868 AEgyptii
1081 781 1206 867 Nilum3
1233 793 1267 850 et

125 884 196 951 ideo
212 905 324 972 panem
348 887 561 957 existimatum
575 911 645 958 esse
661 891 831 961 Cononem:
857 893 966 960 uinum
994 914 1067 962 vero
1087 895 1265 982 Bacchum3

125 1018 237 1085 aquam
251 1000 432 1087 Neptunum
444 1033 453 1088 3
467 1003 574 1089 ignem
589 1004 764 1072 Vulcanum
776 1035 785 1089 3
808 1017 900 1093 atquc
915 1007 994 1074 adeo
1008 1028 1107 1076 arnum
1121 1010 1266 1098 quodque

106 1130 235 1202 'eornm
250 1133 318 1200 qnae
328 1116 446 1181 suntin
461 1137 553 1184 usu.»
570 1118 607 1204 (l)
623 1117 742 1185 Eadem
754 1118 903 1187 Minutius
918 1116 1006 1186 Felix
1018 1121 1064 1206 (2)
1081 1133 1113 1188 et
1125 1122 1266 1191 Athena·

127 1243 219 1310 goras
230 1225 293 1310 (3),
310 1227 362 1322 hic
376 1239 480 1296 tamen
492 1230 603 1313 susino,
620 1231 675 1297 sed
688 1231 810 1299 Prodici
823 1253 885 1299 non
896 1233 1038 1321 opposito
1050 1235 1191 1316 nomine,
1204 1246 1269 1305 tes·

127 1348 243 1406 tantur.
260 1339 298 1404 D.
313 1341 506 1428 Epiphanius
519 1343 645 1410 tandem
658 1343 790 1413 nescios
803 1365 864 1431 quo
877 1346 961 1413 lontc
972 1346 1087 1432 aliquid
1101 1346 1268 1418 dilucidius

128 1469 311 1531 expressum
327 1455 479 1536 hauserit,
496 1457 579 1543 quod
590 1458 652 1525 huc
665 1458 743 1544 ipsis
753 1459 858 1526 verbis
881 1459 991 1527 afferre
1005 1480 1109 1547 opcrae
1133 1463 1268 1549 pretium
1355 1465 1358 1469 ’

126 1578 175 1635 est
192 1586 202 1631 .·
223 1573 340 1652 Πρόδικός
352 1597 390 1638 τις
403 1577 512 1653 τέσσαρα
527 1585 641 1650 στοιχεῖα
653 1580 718 1640 θεοὺς
740 1578 818 1652 καλεῖ,
842 1573 895 1634 εἶτα
915 1580 981 1641 ἥλιον
995 1583 1036 1636 md
1048 1581 1159 1642 uellem·
1175 1584 1201 1638 ἐκ
1221 1583 1270 1659 ’γάρ

128 1691 221 1745 τούτων
237 1696 302 1743 πᾶσι
317 1691 346 1744 τὸ
362 1691 464 1754 ζωτικὸν
477 1685 556 1763 ἔλεγεν
574 1692 695 1766 ὑπάρχειν
712 1683 793 1764 (4).»
805 1684 946 1769 Namque
958 1685 1018 1752 etsi
1037 1712 1051 1746 t(
1064 1691 1179 1770 Πρόδικός
1200 1713 1238 1756 τις
1250 1712 1266 1749 l>

128 1792 254 1879 dixerit,
271 1794 354 1880 qnod
369 1793 508 1861 hominis
520 1793 748 1880 ignorationem
767 1806 820 1861 aut
832 1795 989 1881 opinionis
1003 1797 1270 1884 contemptionem

129 1907 268 1974 ostendit
283 1908 345 1996 (ὃ),
363 1917 521 1993 postrema
535 1926 605 1973 esse
625 1906 693 1993 ipsa
710 1906 834 1974 Prodici
847 1906 940 1974 rerba
961 1907 1109 1975 credibile
1130 1919 1189 1976 est.
1208 1909 1271 1977 Sed

75 2050 78 2056 ·
129 2020 225 2088 verbo
240 2028 310 2083 καλεῖ
321 2020 447 2104 erravit,
464 2040 526 2107 quo
542 2019 672 2087 Prodico
685 2039 756 2087 eam
776 2020 940 2107 adscripsit
949 2020 988 2087 dc
997 2020 1064 2088 Diis
1079 2040 1174 2107 quam
1187 2022 1272 2108 uulgi

129 2134 227 2201 luisse
236 2133 417 2221 opinionem
428 2131 590 2200 contendit
602 2133 807 2220 philosophus
818 2143 937 2212 noster,
951 2144 983 2200 et
996 2153 1122 2201 causam
1139 2154 1194 2201 cur
1206 2134 1273 2201 ele-

130 2249 247 2316 mentis
259 2247 422 2315 obvenerit
436 2267 551 2316 nomen
568 2257 600 2313 et
612 2249 713 2314 honor
727 2247 852 2314 divinis.
878 2247 976 2333 Igitur
989 2267 1028 2315 ex
1042 2248 1111 2316 istis
1125 2247 1274 2316 omnihus

132 2364 322 2432 testimoniis
335 2363 456 2435 ridetur
478 2362 629 2429 Prodicus
644 2361 797 2448 explicare
814 2362 950 2430 voluisse
968 2363 1051 2430 unde
1068 2384 1147 2450 qnos
1163 2376 1275 2432 vocant

131 2481 307 2560 naturales,
321 2477 392 2545 lacti
409 2476 472 2543 sint
491 2475 554 2558 Dii,
570 2474 836 2562 quemadmodum
859 2485 967 2561 postea
983 2477 1122 2543 Deorum
1146 2481 1274 2544 animo-

133 2594 211 2659 lium
226 2591 381 2659 rationem
395 2590 469 2657 darc
483 2589 613 2656 tentavit
629 2589 823 2655 Euhemerus
841 2589 902 2677 (6).

177 2708 280 2789 Quum
302 2706 383 2793 apud
403 2726 514 2773 omnes
532 2705 767 2792 antiquissimos
783 2704 931 2772 homines
944 2705 1113 2790 elementa,
1129 2717 1161 2774 et
1180 2719 1275 2793 qnot-

134 2831 210 2907 quot
230 2831 304 2887 sunt
323 2819 550 2901 naturarum,
567 2817 680 2884 deinde
702 2816 853 2903 quidquid
875 2818 1020 2884 humanm
1044 2818 1116 2885 ritae
1133 2820 1273 2906 prodest,

134 2956 191 3023 pro
205 2935 271 3001 Diis
286 2932 392 3000 hahita
406 2933 666 3000 animadverteret
679 2931 841 3014 Prodicus,
860 2941 892 2998 et
906 2951 985 3017 quos
998 2931 1165 3000 Phoenices
1182 2944 1276 3019 atquc

135 3047 287 3135 AEgpptii‚
303 3046 431 3134 reliquae
445 3044 649 3112 humanitatis
663 3043 821 3127 ductores,
841 3051 968 3127 stuppeum
987 3044 1188 3112 nominavere
1213 3046 1276 3128 (7),

176 3289 209 3357 11)
233 3284 626 3344 contramornemotic.v111.

85 3401 91 3411 ‘
177 3386 211 3453 (nl
233 3386 262 3440 ln
275 3383 406 3442 Octauio.
421 3411 456 3423 -
469 3380 591 3436 Biblioth.
605 3383 688 3436 Patra.
703 3381 750 3442 111,
768 3393 794 3448 p.
810 3379 872 3438 atr.
885 3408 920 3419 -
933 3378 973 3455 ct.
989 3381 1105 3434 lactant.
1121 3376 1152 3444 11,
1167 3379 1192 3434 5.

176 3484 210 3553 13)
232 3488 330 3553 Lepet.
345 3498 399 3552 pro
413 3483 569 3538 christian.
588 3510 601 3519 -
623 3478 679 3533 Vid.
696 3477 850 3533 Dissertat.
861 3475 958 3533 Nicolai
970 3479 1004 3532 Le
1015 3478 1131 3548 llourry‚
1145 3475 1170 3531 in
1184 3480 1281 3545 Appa-

138 3582 253 3638 ratuod
264 3581 424 3636 Bioliolhec.
439 3579 561 3634 monim.
580 3583 713 3633 Veterum
725 3582 855 3632 Petrum.
871 3579 903 3631 T.
920 3577 953 3638 11.
966 3589 992 3644 p.
1009 3575 1137 3632 171·l73.

178 3679 212 3749 (lt)
235 3679 350 3736 advers.
364 3677 498 3734 llcerctic.
510 3679 558 3739 111,
569 3679 602 3731 T.
615 3691 648 3738 ιι.
659 3690 687 3744 p.
700 3673 779 3731 1088.
792 3670 876 3735 Paris.
889 3671 1017 3735 1612,11.
1033 3671 1155 3736 ὃοηιιίιιε,
1165 3670 1241 3726 iu·l⁰.

63 3764 66 3771 ’
178 3777 212 3847 (5)
228 3780 385 3846 Quanquam
396 3775 454 3829 llic.
468 3771 626 3842 hnpnnhms
641 3772 673 3827 de
685 3769 823 3827 oolnlliillo
837 3769 926 3825 Tullio
936 3769 1086 3840 quamsatis
1098 3768 1183 3831 norit,
1196 3767 1280 3837 cajolo

139 3852 208 3933 dom
221 3874 367 3931 ciceronis
379 3860 593 3942 dixit'consess.
609 3871 655 3932 111,
669 3883 709 3935 nr,
721 3869 747 3924 1.

179 3973 213 4042 (6)
235 3975 276 4029 De
289 3972 339 4027 hoc
358 3969 470 4026 Deorum
490 3966 650 4031 discrimine,
673 3966 729 4021 Vld.
754 3966 870 4021 Labeon.
894 3962 964 4032 apud
976 3964 1050 4018 serr.
1070 3962 1103 4018 ad
1115 3965 1153 4018 lll
1171 3963 1282 4018 AEneid·

140 4082 164 4124 r.
177 4067 278 4125 168.-
291 4066 330 4122 el.
347 4067 425 4122 Diod.
442 4066 526 4124 Slcnl.
537 4063 611 4135 opud
622 4064 720 4120 Euseb.
740 4068 903 4129 Praeparat.
921 4059 1085 4130 Panopolis:
1096 4061 1131 4120 11.
1145 4057 1277 4122 230icer.

141 4169 183 4225 De
194 4168 261 4221 Not.
277 4169 360 4221 neor.
375 4167 396 4224 1.
409 4163 509 4221 Philon.
526 4162 599 4232 Byhl.
610 4176 644 4219 ex
655 4160 823 4218 sanchonlnt.
840 4158 911 4230 apud
922 4157 1045 4215 eumdem
1064 4156 1161 4212 numo.
1174 4153 1237 4211 ibid.
1253 4155 1280 4215 l.

177 4263 214 4331 (7)
238 4260 303 4317 Phil.
317 4260 392 4331 Bybl.
405 4259 474 4316 idid.
490 4269 516 4316 et
526 4269 607 4316 totum
622 4258 726 4315 Ensehii
739 4256 850 4327 primum
864 4255 959 4312 librum
970 4254 1037 4312 ridc.
