2946 4746
649 372 688 384 ..
709 329 747 400 pq
769 357 809 384 ,ι

157 467 272 535 liorem
285 458 365 556 ql),
394 466 470 534 satis
490 479 617 554 notum3
645 470 719 555 quid
738 469 903 537 crediderit
927 470 1098 555 Prodicus,
1130 471 1296 544 incertum.

157 583 269 650 Melius
283 603 358 669 ergo
374 584 453 664 erit,
470 583 496 656 si
513 584 593 650 intra
610 606 677 670 quae
701 585 783 651 beno
807 586 952 654 novimus
969 597 1001 653 et
1013 608 1081 674 quae
1100 588 1174 655 inde
1189 607 1301 658 conse-⁴

158 701 308 784 quuntur,
325 696 489 765 stabimus.
507 697 558 765 Sic
573 699 649 765 satis
660 709 854 785 compertum
868 685 1021 769 hahemus
1032 702 1197 771 Prodicum
1212 706 1302 790 quasi

158 810 190 876 in
208 808 358 898 cujusque
375 811 459 877 aditu
485 831 521 878 ac
540 811 694 879 vestibulo
717 812 856 879 scientiae
877 815 913 878 de
931 818 1092 882 nominum
1110 820 1303 900 proprietate

161 932 235 1010 (περὶ
249 932 372 1008 ὀνομάτων
388 925 535 1008 ὀρθότητος)
551 922 790 1005 llssclaliollem,
811 927 959 1013 quoniam
975 947 1013 995 ex
1037 948 1074 995 θἰὶ
1092 939 1177 996 tanta
1200 910 1302 997 effun-

159 1039 252 1107 datur
264 1040 337 1122 lux,
359 1048 394 1105 ut
410 1038 484 1106 inde
507 1040 613 1108 omnia
634 1039 700 1127 jam
716 1041 956 1122 collustrantur,
974 1039 1196 1129 praestituissc3
1211 1054 1304 1131 atque

160 1146 277 1234 duplici
299 1148 505 1236 investigandi
529 1151 649 1218 ratione
673 1172 765 1218 usum
791 1172 860 1220 esso
882 1159 1005 1235 ιἰιιιάιωι
1028 1155 1161 1236 διαιρέσει,
1184 1163 1225 1217 rat
1249 1165 1305 1238 περὶ

159 1270 294 1346 tripatens
310 1264 483 1332 Verborum
495 1277 600 1333 autem
614 1266 849 1334 distinctionem
867 1268 948 1336 hanc
971 1289 1040 1336 csse
1062 1289 1155 1355 quam
1170 1272 1304 1355 Etyma*

162 1381 279 1462 lopiano
298 1391 446 1446 vocamus
460 1378 604 1467 plurimis
630 1378 771 1446 Platonis
796 1379 873 1447 loeis
898 1392 1041 1460 constat,
1065 1383 1118 1468 qui
1143 1402 1213 1450 eam
1237 1393 1303 1451 tam

162 1489 331 1578 diligenter
356 1491 388 1558 in
412 1495 537 1577 Crat-plo
562 1493 613 1580 (2)
638 1492 813 1578 describit,
842 1514 936 1581 quam
963 1495 1098 1581 pessimo
1124 1496 1305 1564 nominibus

144 1696 146 1702 Ι
163 1605 355 1692 explicandis
371 1606 517 1694 adhibet,
532 1611 646 1690 διαίρεσις
659 1615 846 1692 captonaco»
863 1608 973 1676 eadem
988 1630 1058 1677 osse
1070 1629 1106 1676 ae
1117 1614 1306 1694 synonymia

161 1717 285 1785 videtur
298 1719 360 1807 (3).
374 1720 483 1804 Porro,
497 1742 593 1807 quum
609 1722 693 1789 unde
705 1720 798 1789 ducta
813 1722 876 1789 sint
887 1723 1012 1788 nomina
1025 1722 1182 1808 quaesierit
1192 1722 1304 1804 Prodi-
1374 1723 1379 1731 '

162 1851 232 1914 cus,
249 1842 281 1900 et
292 1833 489 1900 contenderit
501 1834 566 1902 fere
585 1835 671 1901 nulla
686 1854 756 1902 osse
770 1855 840 1921 quae
863 1835 948 1902 idem
969 1826 1099 1922 prorsus'
1113 1835 1301 1922 significent,

164 1942 239 2010 inde
253 1944 439 2012 concludere
454 1966 622 2032 possumus
641 1947 670 2014 ei
684 1947 750 2014 visa
768 1954 838 2014 esse'
861 1945 991 2014 nomina
1009 1966 1081 2012 cum
1098 1946 1191 2014 rebus
1212 1958 1302 2035 quas,

171 2068 319 2144 tanquam
333 2059 488 2146 imagines
502 2070 555 2127 aut
575 2070 646 2146 apta
661 2061 763 2147 signa,
789 2061 944 2143 referunt,
970 2059 1099 2126 omnino
1120 2079 1303 2146 congruere:

209 2170 255 2238 Ex
276 2171 327 2239 his
348 2172 474 2258 quidam
503 2173 720 2240 existimavere
747 2174 930 2240 arbitratum
955 2192 1027 2240 esse
1049 2170 1217 2238 Prodicum
1241 2192 1304 2240 non

164 2285 331 2354 hominum
354 2305 511 2354 consensu
523 2306 593 2354 esse
609 2285 767 2374 imposita,
783 2287 839 2367 sed
851 2287 918 2373 ipsa
929 2297 1040 2354 natura
1058 2288 1307 2356 nominatorum

164 2403 317 2471 extitisse.
345 2402 407 2470 Sed
427 2402 459 2514 id
480 2404 585 2489 paulo,
605 2412 641 2469 ut
654 2403 776 2489 opinor,
800 2404 971 2470 tc'mcrius:
991 2402 1156 2470 nonenim
1171 2404 1307 2473 multum

166 2537 222 2605 per
234 2537 268 2584 se
278 2517 378 2603 ipsam
390 2518 422 2584 in
437 2518 495 2583 hac
507 2537 540 2583 re
555 2516 636 2584 valet
649 2527 772 2596 natura,
788 2528 820 2582 et
834 2515 1021 2602 primigenia
1032 2517 1250 2584 tantummodo
1263 2517 1308 2583 si-

121 2670 124 2677 ·
167 2650 241 2716 gna,
258 2641 381 2716 gestus,
403 2630 466 2697 oris
490 2645 605 2714 sonos,
632 2629 881 2716 simplicissimas
904 2649 1014 2713 uoces,
1041 2628 1197 2716 praebuit:
1223 2630 1307 2698 unde

166 2764 243 2811 sane
267 2755 335 2812 orta
359 2754 434 2811 sunt
458 2755 490 2810 ot
512 2745 703 2831 pullulavere
728 2745 834 2812 omnia
859 2744 1022 2829 vocabula,
1049 2765 1117 2832 qum
1141 2766 1197 2812 cur
1223 2766 1305 2823 nou,
1364 2794 1366 2798 -

167 2859 272 2944 aliquo
291 2868 440 2942 auctore,
463 2857 595 2925 deducta
614 2877 683 2926 esse
704 2869 797 2945 atque
817 2855 912 2924 fidem
933 2857 1093 2941 habuisse,
1110 2879 1207 2944 quum
1226 2859 1311 2926 idem

167 2971 308 3058 quotidie
320 2972 391 3054 liat,
415 2970 637 3038 crederemus?
657 2972 706 3036 An
721 2981 754 3036 et
766 2973 835 3056 quta
850 2968 941 3037 luerit
963 2970 1128 3037 hominum
1143 2991 1214 3058 pars
1237 2972 1313 3039 satis

139 3083 280 3152 'viderit
299 3084 470 3168 Prodicus,
496 3085 651 3150 incertum
677 3093 757 3151 est:
786 3083 905 3150 sedda
931 3083 981 3150 his
1006 3083 1153 3152 omnihus
1173 3084 1310 3170 prolecto

168 3198 299 3286 perinde
313 3218 349 3264 ac
364 3199 459 3266 ceteri
472 3197 652 3284 disputavit.
669 3197 760 3280 Quod
774 3208 880 3265 autem
895 3214 1051 3284 nusquam
1064 3198 1152 3284 plura
1168 3197 1206 3264 ad
1222 3218 1310 3266 eum·

169 3314 242 3381 dem
258 3333 388 3381 sensum
407 3312 563 3399 pertinere
586 3311 737 3380 vocabula
750 3312 906 3392 credidit,
928 3312 960 3378 id
983 3330 1179 3399 nequaquam
1196 3312 1313 3399 pendet

169 3439 207 3494 ex
223 3447 277 3511 ea,
292 3429 386 3513 quam
402 3426 462 3492 sibi
477 3426 625 3509 finxerat,
646 3435 861 3512 acceperatis,
884 3425 923 3492 de
938 3424 1093 3491 sermonis
1107 3405 1228 3510 origine
1243 3442 1314 3491 sen·-

170 3539 279 3607 tentia.
302 3538 461 3626 Namque,
490 3558 586 3625 quum
615 3547 739 3625 putaret
760 3538 834 3606 talia
859 3552 929 3605 esse
949 3537 1078 3604 nomina
1100 3547 1134 3603 ut
1157 3546 1207 3602 res
1229 3536 1313 3622 ipsas

171 3653 415 3735 referant,indc
435 3653 516 3739 qnod
543 3652 661 3719 libebat
687 3663 808 3738 poterat
831 3651 957 3719 inferre.
981 3650 1062 3717 lllud
1091 3650 1221 3718 fortasse
1247 3649 1312 3735 pri-

211 3989 248 4056 (1)
272 3988 368 4057 cratyl.
385 3989 451 4053 279,
469 3992 496 4044 E.

211 4089 244 4155 (2)
266 4085 328 4154 261,
344 4087 394 4150 G.;
410 4087 470 4148 27l1.
489 4091 517 4142 B.
536 4098 601 4151 Ημᾶς
613 4090 637 4138 δὲ
648 4090 694 4155 δεῖ,
710 4094 773 4159 αἴπερ
788 4090 891 4155 τεχνικῶς
905 4089 1090 4151 intaminata,
1106 4089 1234 4136 σκοπεῖσθαι
1258 4087 1316 4134 aare

171 4188 257 4248 πάντα,
272 4187 330 4235 οὕτω
342 4187 492 4249 διελομένους.

205 4270 244 4352 id)
269 4283 413 4340 cnarmnt.
431 4283 499 4349 239,
517 4286 548 4340 G.
1172 4354 1190 4414 5
