2946 4746
714 299 866 354 -58-
948 323 954 332 -

216 430 404 515 quibuscum
419 443 559 498 versatur
573 431 690 513 Virtus,
707 442 740 497 et
754 431 867 517 quibus
882 430 983 515 placet
995 438 1028 495 et
1040 429 1145 495 Pietas
1159 439 1191 495 et
1206 427 1309 494 Labor
1328 437 1361 494 et

216 542 369 628 quidquid
381 543 561 610 hominibus
576 544 693 630 optime
706 543 845 630 prodest,
862 541 944 624 Quin
956 560 995 608 ex
1008 540 1087 608 libro
1103 544 1139 607 de
1154 541 1360 625 Apriccltnra

217 655 302 740 qnod
312 667 465 741 superest,
477 656 508 722 id
520 657 624 744 ipsum
635 656 786 727 memoria
795 655 1018 723 beneficiorum
1032 654 1095 720 sere
1107 664 1205 721 totam
1216 662 1360 721 constare

152 761 159 772 “
220 769 404 855 religionem
419 770 511 837 docet
527 772 574 856 (l)

263 880 313 946 hd
336 901 370 946 ea
394 902 463 967 qum
484 882 524 949 de
548 883 614 950 Diis
635 883 735 950 sensit
755 883 906 950 Prodicus
926 882 1016 953 facile
1039 881 1215 948 referuntur
1234 879 1362 968 ejusde

221 995 339 1078 animo,
354 994 393 1060 de
406 996 469 1062 vita
482 1016 518 1062 ac
529 1007 630 1063 morte
642 997 823 1083 opiniones:
841 996 948 1063 animo
961 996 1065 1062 inesse
1077 994 1218 1062 divinum
1230 994 1362 1080 aliquid,

181 1173 185 1178 .
220 1130 282 1195 quo
293 1107 435 1195 juvante,
452 1120 537 1181 tanta
552 1112 654 1178 moliri
670 1122 772 1198 potest
785 1131 821 1177 ao
835 1111 994 1196 perficere,
1009 1127 1257 1181 omnemrerum
1270 1119 1364 1175 uatu-

222 1245 288 1292 ram
304 1226 418 1293 intueri
434 1227 560 1313 gaudet,
575 1238 607 1294 et
620 1228 808 1314 cogitatione
823 1226 1109 1313 complecti,·atque
1124 1225 1239 1292 coelum
1257 1223 1362 1310 ipsum

222 1339 365 1424 Deosque
391 1339 607 1426 contemplari,
632 1340 724 1409 Hunc
747 1350 852 1406 autem
875 1339 1016 1405 divinum
1041 1338 1198 1424 spiritum,
1223 1337 1306 1423 quod
1328 1336 1363 1402 in

221 1453 360 1538 corporis
385 1473 508 1519 carcere
531 1452 719 1534 includetur,
743 1453 870 1539 dolere,
894 1453 967 1520 inde
992 1472 1118 1539 semper
1136 1451 1175 1518 ad
1200 1452 1362 1517 coelestem

199 1564 202 1571 “
223 1565 355 1652 patriam
381 1566 524 1633 evolandi
551 1567 720 1653 cupiditate
741 1567 867 1652 ardere,
894 1566 1014 1646 scilicet
1037 1585 1109 1632 eum
1134 1583 1262 1650 corpore
1285 1583 1363 1630 oon·
1407 1577 1413 1583 ·

219 1677 377 1764 junctum,
393 1678 461 1765 ejus
480 1680 586 1745 omnia
603 1680 685 1746 mala
702 1680 842 1767 perpeti,
864 1679 978 1767 quibus
997 1689 1097 1745 morte
1118 1678 1298 1760 liberatum,
1322 1676 1362 1742 ad
1395 1692 1404 1709 ·

224 1812 329 1871 veram
342 1794 609 1881 immortalitatem
624 1794 751 1862 tandem
765 1795 938 1881 pervenire.
955 1795 1031 1860 Post
1042 1804 1175 1860 mortem
1191 1792 1277 1858 enim
1297 1792 1366 1858 nul·

225 1907 291 1972 lum
310 1928 473 1994 superesse
494 1919 547 1974 aut
566 1907 682 1974 doloris
700 1919 753 1973 aut
776 1907 892 1974 laetitiae
913 1927 1055 1990 sensum,
1078 1905 1365 1992 neque‘quidquam

125 2073 128 2079 .
224 2021 309 2106 ,quod
332 2022 470 2108 corporis
486 2022 527 2090 sit
543 2033 575 2088 et
590 2031 691 2093 terre.
708 2023 816 2108 ltaque
832 2020 915 2088 hand
928 2019 1062 2086 absurdo
1076 2019 1136 2086 dici
1152 2039 1245 2106 posse
1262 2039 1366 2106 neque

226 2112 265 2209 ad
279 2134 378 2218 vivos,
395 2134 548 2220 nequead
562 2135 623 2202 vita
639 2135 801 2202 defunctos
816 2145 950 2201 mortem
966 2132 1124 2220 pertinere
1139 2131 1198 2215 (P).

271 2247 371 2314 Hasce
390 2247 429 2313 de
444 2259 545 2315 morte
560 2248 725 2336 opiniones
739 2248 817 2334 (quae
836 2257 910 2314 sunt
922 2247 1005 2313 inter
1021 2244 1157 2332 pessima
1176 2242 1318 2331 optimis,
1333 2255 1369 2312 ut

179 2416 182 2423 ,
227 2359 306 2428 dixit
321 2362 437 2432 Christ.
453 2364 650 2447 Meinersius,
666 2365 698 2430 in
714 2365 775 2431 hoc
788 2363 913 2449 dialogo
928 2361 1085 2447 immixta)
1098 2361 1131 2425 in
1146 2359 1286 2427 deterius
1298 2380 1358 2426 ver·

228 2485 333 2542 terunt
342 2476 498 2563 Epicurei,
511 2497 608 2564 quum
614 2471 673 2544 “eas
684 2489 803 2567 temere
817 2476 855 2542 ad
870 2474 967 2541 animi
979 2473 1201 2541 mortalitatem
1210 2473 1368 2559 pertinere

227 2589 417 2657 crediderint
431 2590 492 2677 (3).
511 2590 572 2658 Sed
588 2591 696 2658 multis
707 2590 776 2657 aliis
790 2590 880 2656 aliter
892 2589 994 2656 visum
1009 2598 1076 2673 est,
1100 2598 1193 2673 atque
1213 2587 1281 2653 haec
1301 2587 1370 2674 ipsa

228 2707 294 2766 tam
315 2699 396 2767 bene
424 2696 597 2787 excogitata
620 2723 690 2769 esse
713 2704 855 2770 nonnulli
871 2704 1100 2787 existimavere,
1118 2714 1153 2770 ut
1172 2723 1209 2770 ea
1228 2723 1285 2791 pro
1303 2705 1370 2772 suis

229 2813 407 2882 habuerint.
439 2813 524 2896 Quos
545 2815 571 2881 si
601 2815 695 2882 modo
717 2836 901 2885 enumerare
925 2818 1069 2899 velimus,
1093 2817 1285 2884 immensum
1315 2818 1371 2886 liat

230 2936 322 3011 atque
345 2936 409 2992 tota
436 2947 474 2992 11
504 2927 713 3015 Philosophia
737 2931 866 2998 historia
896 2932 1155 3018 depromendum.
1180 2933 1242 3001 Sed
1274 2954 1370 3020 quem

230 3036 311 3123 fugit
323 3037 396 3104 iude
411 3039 543 3125 plurima
555 3041 656 3127 primo
672 3045 924 3110 Tusculanorum
939 3047 1151 3124 (1111εεὶ11111
1161 3047 1241 3113 libro
1253 3046 1371 3114 adscita

231 3176 314 3240 esse,
331 3179 411 3243 quae,
432 3169 468 3225 ut
481 3159 615 3243 videtur,
629 3160 760 3227 minime
780 3161 957 3228 fastidiebat
973 3162 1117 3229 Tullius?
1135 3161 1187 3244 Et,
1209 3182 1276 3247 quae
1292 3152 1370 3243 sint,

232 3267 429 3337 describente
444 3271 588 3356 Prodico,
608 3272 679 3338 vitae
694 3273 904 3357 incommoda,
920 3273 1108 3359 intentisque
1121 3272 1259 3340 hominis
1272 3272 1372 3339 imbe-

233 3381 363 3466 cillitas,
389 3385 474 3452 haud
500 3404 591 3452 secus
617 3385 800 3454 meminisse
824 3387 962 3453 Plinium
992 3386 1163 3473 majorem,
1190 3386 1243 3472 qui
1269 3396 1371 3453 cetera

232 3499 433 3585 depravavit?
451 3501 498 3587 (ll)
630 3573 633 3580 ,
704 3479 707 3485 ¹

210 3693 213 3698 Ι
277 3613 396 3680 Eadem
416 3625 448 3680 et
465 3615 583 3701 optimo
604 3615 770 3682 Plutarcho
791 3616 868 3683 adeo
883 3615 1039 3702 placuere,
1061 3626 1098 3682 ut
1123 3615 1289 3701 Apollonio
1316 3616 1370 3681 11111

233 3737 368 3792 mortem
384 3726 515 3812 lugenti,
533 3738 567 3792 ut
578 3725 643 3812 jam
655 3739 753 3794 antea.
764 3708 904 3814 Hippocli
920 3729 953 3793 in
968 3727 1078 3794 eadem
1093 3727 1216 3794 fortuna
1234 3727 1371 3796 versanti

146 3977 149 3982 ·
269 3966 305 4032 tt)
329 3928 629 4024 Τ111111111.0111.111.
933 4004 935 4009 -
1232 4010 1236 4019 -

273 4065 306 4132 (2)
329 4065 419 4121 Dehis
432 4067 553 4121 omnibus
565 4067 708 4122 Aniochus
722 4067 836 4124 adennd.
851 4067 877 4121 in
891 4066 991 4121 Platon.
1008 4079 1083 4134 oper.
1099 4066 1153 4122 729
1165 4081 1225 4139 sqq.

274 4162 307 4228 13)
329 4160 387 4234 vid.
404 4172 495 4232 postea
505 4178 564 4233 quae
577 4164 697 4220 Lucretio
708 4173 734 4220 et
749 4164 829 4233 Plinio
842 4162 933 4232 rrejori
943 4165 977 4221 de
987 4164 1080 4223 iisdem
1094 4164 1250 4233 placuerint.

275 4259 307 4327 (h)
330 4257 577 4332 1111111111111111,
591 4262 623 4326 13
638 4263 680 4319 56.
