2946 4746
654 326 696 350 -.--
717 303 754 366 gg
779 337 814 347 -

160 455 248 502 mum
279 448 351 502 edtd
377 427 633 503 animadvertisse
662 436 796 503 libenter
823 439 947 505 credam
977 439 1035 530 ll),
1072 440 1188 527 quippe
1223 428 1310 528 quod

160 551 310 619 omnibus
324 572 392 637 qnae
406 551 512 619 docuit
528 550 666 618 subdidit
677 551 939 638 fundamentum,
962 565 1054 640 atque
1074 555 1134 622 hoo
1150 574 1217 623 non
1239 557 1313 624 sinc

155 664 226 752 jure
244 661 461 752 quidem,'sed
473 664 568 731 nimis
583 664 789 731 videturesse
808 665 995 751 gloriatum,
1015 686 1111 753 quum
1126 668 1207 735 nihil
1222 667 1311 736 alind

159 777 243 864 qnod
259 778 293 845 in
308 799 346 846 co
362 777 573 861 cavillaretur,
589 777 656 863 ipse
668 777 818 864 repererit
831 777 931 843 Plato.
954 776 1090 865 Quiquid
1114 778 1147 848 id
1164 790 1235 864 cst,
1251 799 1312 869 op-

158 893 237 960 tIme
251 893 351 960 literis
370 893 501 960 vertisse
526 909 723 977 nequaquam
747 890 947 958 inlitiandum
974 894 1060 977 pulo.
1085 892 1192 975 Quum
1212 894 1312 962 verba

158 1006 302 1094 ejusdem
315 1006 424 1092 utique
436 1003 674 1091 significationis
693 1003 781 1091 plura
799 1023 868 1070 esse
888 1015 1034 1089 negaret,
1059 1005 1137 1094 quid
1160 1009 1311 1096 quodque

158 1121 284 1208 proprie
306 1121 445 1204 valeret,
470 1119 499 1185 ei
514 1136 643 1184 necesso
656 1127 722 1182 erat
738 1136 876 1202 quaerere
891 1138 898 1177 ε
915 1117 988 1185 inde
1016 1119 1157 1188 discussa
1185 1123 1312 1190 exami-

158 1244 293 1320 nataqne
308 1234 414 1300 omnia
435 1229 584 1299 vocabula
603 1228 670 1314 (ᾖ),
686 1238 736 1311 et,
757 1228 867 1314 primis
888 1229 1039 1317 cujusque
1060 1233 1231 1302 elementis
1257 1255 1311 1302 re-

94 1374 98 1379 ·
157 1349 283 1437 petitiS,
300 1349 441 1416 adverus
459 1366 564 1414 rernm
577 1343 722 1410 notiones
736 1354 879 1410 revocata
893 1344 942 1430 (3)
956 1374 965 1428 3
982 1345 1056 1412 inde
1070 1333 1127 1432 ea,
1148 1368 1244 1434 quarn
1256 1349 1309 1416 dia

40 1488 42 1492 ¹
159 1461 250 1529 cendi
270 1462 455 1528 tenuitatem
469 1459 681 1545 (μικρολογίαν),
706 1458 832 1546 qnidam
858 1459 1091 1547 detrectavere,
1120 1462 1172 1529 alii
1200 1474 1310 1531 autem

158 1576 349 1664 exquisitam
365 1575 511 1643 maximis
520 1574 664 1664 laudibus
674 1574 812 1642 extulere
822 1574 1018 1660 diligentiam
1033 1575 1231 1660 (crptaotsploet)
1248 1576 1307 1663 (4).

158 1690 248 1757 Hanc
261 1709 388 1770 curam,
412 1688 471 1754 etsi
487 1687 583 1754 nimia
598 1697 684 1766 erat,
703 1686 834 1752 minime
854 1699 1039 1773 aspernatus
1060 1701 1108 1756 est
1133 1690 1201 1777 ipse
1218 1691 1311 1758 dris-

158 1803 295 1887 toteles3
314 1813 407 1888 atque
420 1799 486 1887 jam
501 1797 596 1886 snpra
611 1800 788 1867 notavimus
814 1800 875 1865 hoc
898 1820 971 1866 eum
999 1801 1200 1888 probavisse,
1222 1805 1309 1890 quod

160 1917 332 2000 Prodicus,
363 1917 500 2003 generali
525 1917 618 1983 nnius
637 1916 681 1982 rei
700 1936 764 1982 nuo
786 1916 881 1983 verbo
901 1920 1129 2004 comprehensa
1155 1921 1309 2006 notione,

159 2041 195 2097 ut
221 2041 270 2098 est
287 2033 383 2113 ἡδονή,
409 2029 550 2116 ejusdem
576 2044 738 2114 usquequo
765 2038 893 2114 pateant
918 2029 1050 2116 singulae
1074 2032 1169 2101 iacies
1188 2044 1222 2100 et
1246 2055 1311 2121 quo

160 2165 291 2235 quaequo
305 2144 456 2211 vocabulo
477 2144 694 2229 contineatur,
712 2154 747 2210 ut
766 2153 853 2224 χαρά,
876 2151 977 2226 τέρψις,
1004 2155 1156 2231 εὐφροσύνη,
1173 2149 1311 2216 subinde

161 2257 364 2345 explicaverit
379 2251 433 2338 (5).
459 2257 548 2324 idem
572 2268 721 2344 praeterea
743 2258 928 2326 Aristoteles
943 2257 1007 2346 jam
1025 2260 1185 2328 ineodem
1211 2283 1310 2350 opere

160 2374 370 2441 declaraverat
387 2399 402 2435 «
418 2371 513 2440 etiam
528 2373 561 2438 in
581 2373 620 2439 iis
633 2388 712 2458 'qnae
732 2373 826 2458 longe
847 2372 982 2456 distant,
1003 2373 1114 2440 utilem
1139 2395 1210 2443 esse
1226 2397 1307 2444 con·

160 2489 398 2577 templationem
425 2487 576 2554 similium
603 2487 643 2554 ad
669 2487 867 2554 delinitionos
894 2487 949 2574 (6).
979 2514 995 2549 u
1022 2487 1168 2574 Scilicet,
1184 2502 1221 2558 nt
1240 2504 1310 2560 erat
1400 2582 1403 2586 ‚

159 2613 224 2669 tam
245 2602 388 2688 diligenti
405 2620 499 2687 quarn
519 2601 581 2666 aori
597 2600 749 2686 ingenio,
774 2600 971 2668 intellexerat
995 2621 1073 2688 opus
1100 2623 1170 2671 osse
1199 2605 1309 2674 scien-
1347 2639 1350 2650 ·

160 2715 211 2781 tiae
235 2735 273 2782 ea
292 2713 416 2781 dicendi
436 2713 583 2794 ratione,
608 2733 675 2798 quae
703 2712 781 2777 nihil
803 2712 913 2787 incerti
939 2713 1116 2800 ambignive
1144 2717 1305 2786 admittat.

160 2828 287 2894 Etenim
302 2837 373 2894 ante
388 2836 512 2912 argutas
528 2824 664 2892 Socratis
679 2824 857 2891 Platonisve
873 2826 1120 2914 disputationes,
1143 2841 1217 2897 ante
1230 2831 1309 2898 sub-

159 2941 232 3008 tiles
246 2939 424 3007 Aristotelis
436 2938 670 3024 explicationes
685 2948 825 3003 vetorum
835 2939 996 3006 neminem
1008 2939 1040 3005 id
1051 2941 1142 3026 pensi
1156 2941 1308 3011 habuisse
1400 3031 1401 3034 Ἴ

200 3201 233 3268 (1)
256 3201 286 3256 ld
298 3200 354 3268 ipse
367 3207 475 3254 teslatur
485 3198 600 3254 Galenus
614 3213 622 3254 t
638 3205 708 3262 μόνος
721 3204 766 3267 γὰρ
786 3208 891 3269 φαίνεται
906 3202 1018 3268 nptluor
1032 3206 1167 3262 ἐζηλωκέναι
1179 3209 1267 3264 ταύτην
1285 3211 1309 3258 ἐν

158 3308 206 3356 τοῖς
221 3297 542 3367 ὄνέμασινάκριὸολογίαν..-.
555 3301 590 3353 In
608 3299 778 3366 Hippocrat·
791 3299 855 3354 libr.
872 3299 909 3354 de
921 3300 1059 3356 Articulis
1074 3305 1236 3362 Commeat.
1254 3308 1307 3372 IV,

162 3400 213 3466 16,
226 3414 253 3471 p.
269 3399 331 3458 6115.
563 3452 566 3455 .
706 3450 709 3455 .

199 3497 234 3566 (2)
256 3499 285 3552 V.
300 3509 325 3565 g.
342 3499 413 3552 δεινός
429 3496 469 3563 lin
481 3501 646 3564 Protagora
660 3495 728 3558 205,
742 3496 782 3557 Η;
799 3493 868 3558 206,
883 3496 914 3552 A.
926 3497 945 3562 l.

201 3594 234 3663 (3)
257 3591 325 3648 lbid.
340 3591 410 3648 ride.
559 3601 560 3604 ’

200 3691 234 3760 (lt)
257 3689 351 3745 Galen.
365 3688 430 3745 ibid.
447 3721 477 3729 —
489 3687 529 3744 Gi.
544 3687 579 3743 id.
596 3682 781 3744 Deilletlrodo
799 3687 944 3754 medendi,
960 3691 1011 3753 111,
1026 3689 1060 3753 6.
1072 3690 1106 3747 ad
1119 3692 1185 3750 calc.
1202 3714 1214 3744 a
1230 3696 1310 3752 intel·

159 3789 213 3858 ligo
230 3794 317 3842 antem
329 3789 479 3855 μικρολογίαν
491 3798 542 3854 qna
555 3783 672 3840 dividunt
685 3783 712 3839 in
723 3797 821 3854 genera
832 3789 862 3834 τὸ
876 3788 908 3845 ὅν,
920 3789 946 3835 τὸ
956 3787 1067 3852 ὑπάρχον,
1077 3792 1104 3837 τὸ
1117 3791 1245 3858 iquorem
1261 3792 1309 3848 ubi

158 3882 290 3953 designari
301 3880 439 3938 Prodicum
451 3878 686 3950 suspicor-vid.
700 3888 727 3935 et
740 3879 871 3948 Antyllum
885 3879 953 3948 apud
964 3882 1107 3939 Marcellin.
1116 3883 1143 3940 in
1157 3886 1226 3943 Vita
1237 3888 1310 3946 Thn-

158 3979 246 4052 cydid.
259 3979 310 4042 56;
322 3977 449 4036 Tbemist
465 3981 551 4035 Orot.
568 3976 674 4040 1v‚ubi
687 3979 821 4044 ὀρθοέπειαν
835 3976 939 4032 Prodici
953 3976 1050 4036 laudat.

191 4079 232 4146 ,(5)
255 4077 361 4132 Aristot.
375 4074 471 4143 Topic.
485 4076 509 4129 ΙΙ
516 4111 527 4141 ,
541 4074 568 4131 6.
586 4104 621 4116 -
634 4074 674 4131 Cl.
691 4077 843 4143 Protopor.
857 4073 924 4138 abu,
942 4077 974 4131 l).

199 4173 233 4241 (6)
255 4175 281 4234 1,
304 4171 353 4234 16,
375 4170 419 4226 12.
444 4169 498 4218 Or'or
524 4173 557 4219 ὅτι
576 4173 661 4220 ταύτὸν
684 4172 769 4231 γαλήνη
787 4172 829 4231 μὲν
850 4169 873 4215 ἒν
898 4171 1013 4240 θαλάττῃ,
1036 4179 1129 4238 νηνιμὶα
1152 4177 1177 4224 δὲ
1204 4183 1227 4226 dr
1255 4184 1309 4250 alife

159 4274 264 4339 inerepas
282 4272 327 4333 pap
336 4271 429 4331 ἡσυχία,
446 4266 524 4327 ml,
538 4279 598 4334 quae
610 4263 715 4319 Prodici
728 4278 801 4319 more
814 4264 1033 4323 discriminantur.
