2946 4746
674 342 714 353 ..
733 313 772 370 56
792 342 832 354 ...

130 442 136 452 '
183 441 264 503 hauc
285 436 470 522 religionem
486 428 615 522 dignam
630 419 725 504 luisse
739 438 885 524 opinatus
902 447 951 501 est
971 455 1065 521 quarn
1086 437 1203 502 coleret
1225 438 1329 522 primo

183 550 271 637 quasi
287 559 356 616 ortu
368 548 534 614 hominurn
549 568 666 636 genus,
688 550 755 634 sed,
773 561 807 617 ut
819 559 885 616 erat
898 548 1037 616 veritatis
1051 549 1205 617 amantior
1218 550 1333 616 Prota-

183 683 258 749 gora
273 661 398 729 dicente
413 661 452 727 de
466 660 579 729 iisdem
592 662 659 729 Diis
675 682 738 737 «se
750 663 873 729 nescire
889 663 952 730 sint
966 682 1006 728 an
1022 682 1085 728 non
1102 662 1177 745 siut,
1194 688 1209 722 u
1235 663 1330 729 disci-

184 775 275 860 pulos
286 775 399 840 docere
414 773 523 840 statuit
536 775 608 841 hec
629 775 797 859 elementa,
818 785 861 858 et,
887 773 1118 861 quodcumque,
1137 784 1172 841 ut
1190 775 1330 861 loquitur

183 887 221 954 D.
246 887 456 974 Epiphanius,
472 886 505 951 in
520 898 631 953 natura
645 892 740 953 oltole
753 900 806 964 est,
833 887 951 957 nullam
970 888 1034 953 vim
1056 896 1110 953 aut
1130 887 1279 953 virtutem
1295 888 1327 953 in

185 1020 219 1066 se
233 1019 290 1086 por
303 1019 337 1066 se
360 998 489 1082 hahere,
513 998 569 1065 sed
593 1013 662 1065 eam
686 999 799 1066 ducere
821 1020 838 1066 a
854 1001 955 1086 primo
970 999 1105 1085 quodam
1122 998 1154 1066 et
1168 1000 1329 1065 communi

185 1103 328 1178 omnium
351 1130 456 1177 rerum
479 1103 632 1201 principio
652 1122 683 1178 et
702 1113 800 1196 lonte,
818 1113 870 1199 qui
892 1132 964 1179 rere
986 1112 1070 1179 Deus
1090 1123 1122 1178 et
1144 1133 1226 1178 unus
1244 1113 1330 1180 Deus
1352 1155 1359 1169 ·

186 1224 299 1292 debeat
323 1225 494 1295 existimari
517 1227 571 1310 (l).
595 1212 696 1312 Hujus
721 1226 848 1312 quidem
868 1226 925 1293 llei
941 1226 1089 1292 virtutem
1105 1238 1136 1294 et
1155 1226 1330 1312 potentiam

185 1339 345 1427 perpetuis
360 1338 520 1405 beneficiis
534 1359 590 1425 per
604 1338 725 1407 diversa
741 1341 1023 1407 naturaeelemeuta
1043 1351 1208 1427 partesque
1223 1341 1330 1406 homi-

126 1506 129 1513 .
185 1453 279 1520 nihus
294 1452 492 1518 manifestam
507 1452 585 1519 lieri.
600 1453 716 1519 Eorum
732 1464 838 1520 autem
852 1465 1005 1537 mentem,
1023 1474 1119 1539 quum
1134 1465 1219 1520 esset
1232 1452 1333 1519 imbe-

186 1567 298 1649 cillior,
313 1564 571 1652 densioribusque
600 1566 739 1633 teuehris
752 1547 949 1634 'circumdata
963 1577 995 1633 et
1010 1587 1169 1653 oppressa,
1186 1587 1281 1652 quarn
1296 1577 1332 1633 ut

187 1702 257 1748 eam
267 1681 367 1767 ipsam
380 1678 582 1765 intelligeret,
592 1681 667 1747 citra
676 1681 810 1767 primam
822 1681 963 1747 omniurn
973 1701 1098 1747 causam
1109 1681 1246 1762 stetisse,
1261 1691 1333 1746 cau'-

188 1813 300 1880 sasque
320 1792 473 1859 secundas
492 1803 523 1859 et
541 1793 600 1859 sihi
616 1794 785 1880 proximas,
802 1794 915 1878 solem,
931 1794 1052 1877 lunam,
1071 1795 1229 1879 iguemve,
1246 1813 1330 1872 aera,

188 1907 346 1989 tellurem,
371 1926 479 1992 aquas,
503 1907 655 1991 quosdam
682 1908 840 1985 homines,
863 1918 906 1990 et,
933 1918 968 1973 ut
992 1907 1179 1994 quibusdam
1202 1906 1330 1993 placuit,

189 2020 337 2106 pecudes,
355 2039 410 2105 pro
424 2019 485 2085 diis
499 2019 645 2102 coluisse,
655 2021 741 2086 cultu
754 2031 846 2107 atque
858 2021 1030 2087 reverentia
1046 2019 1236 2101 duxissem).
1253 2018 1332 2084 Pro-

189 2134 282 2215 tecto,
296 2133 348 2218 qui
361 2133 433 2198 talia
445 2131 577 2199 docebat
587 2133 732 2216 Athenis,
746 2153 851 2200 coram
862 2133 999 2199 Minerva
1011 2143 1043 2198 et
1055 2133 1143 2215 Jove,
1158 2130 1334 2218 ceterisque

188 2247 267 2330 Diis,
288 2247 327 2329 is,
346 2257 380 2313 ut
397 2266 452 2332 par
473 2257 552 2329 erat,
571 2273 586 2308 «
601 2250 734 2324 rendum,
758 2259 793 2314 ut
811 2249 877 2314 vult
899 2247 1017 2321 Cicero,
1037 2250 1215 2331 rellpiooem
1235 2250 1334 2314 rolin-⁸

189 2382 290 2445 poete,
308 2386 324 2421 >›
340 2361 425 2427 visus
439 2370 498 2453 est,
513 2365 580 2428 ἄθεος
595 2381 655 2446 que
671 2366 740 2427 esse
755 2361 884 2448 perinde
896 2381 932 2427 ac
946 2361 1157 2446 Anaxagoras,
1172 2361 1330 2445 Socrates,

188 2460 414 2563 Euripidesque
429 2475 516 2561 argui
528 2477 640 2561 potuit.
1044 2551 1046 2555 ,

233 2589 323 2671 Quod
344 2589 499 2670 omnium,
517 2589 570 2673 qui
589 2587 663 2655 dicti
686 2599 760 2654 sunt
778 2588 909 2675 physici,
933 2587 1192 2675 philosophorum
1211 2589 1332 2655 crimen

191 2703 270 2769 fuit:
289 2703 376 2784 satis,
394 2723 423 2767 v.
443 2722 474 2789 g.
493 2703 658 2768 innotuere
673 2701 873 2788 Empedoclis
890 2721 1021 2768 versus:

468 2832 585 2912 Τέσσαρα
599 2841 647 2912 γάρ
661 2842 760 2890 πάντων
772 2839 897 2912 ῥιζώματα
911 2846 1007 2912 πρῶτον
1021 2833 1101 2891 ἄκουε·

469 2948 528 3006 Ζεὺς
542 2949 629 3020 ἀργὴς,
640 2929 712 3020 ΛΗρη
727 2965 754 2999 τε
764 2945 894 3021 φερέσὸιος,
915 2942 1089 3026 addideratis,

468 3058 563 3112 Νῆστις
578 3051 611 3123 d',
626 3049 763 3128 ἣδακρὺοις
777 3053 861 3125 τέγγει
873 3053 998 3126 κρούνωμα
1009 3051 1129 3126 βρότειον.
1143 3044 1189 3124 (3)

236 3168 292 3233 llis
309 3167 438 3234 omnino
454 3166 600 3252 congruit
618 3167 741 3234 Prodici
756 3167 931 3234 sententia:
957 3188 1050 3253 quam
1072 3167 1154 3232 male
1171 3179 1335 3253 acceptam

144 3293 147 3298 ·
193 3280 288 3346 luisse
309 3281 509 3366 Aristophani
529 3280 591 3363 (d),
607 3266 850 3366 diligentissimo
869 3281 1041 3367 priscarum
1060 3281 1255 3347 Athenarum
1278 3301 1330 3368 pa·

232 3472 269 3542 (1)
288 3472 331 3529 Sic
344 3473 414 3529 etde
424 3473 509 3541 primo
521 3487 609 3529 rerum
623 3473 752 3543 principio
767 3482 792 3528 et
805 3482 913 3529 auctore
923 3475 1019 3543 colligit
1029 3475 1142 3529 Tintaens
1158 3474 1296 3529 Locrensis
1310 3474 1334 3528 ln

198 3569 249 3623 ihr.
262 3572 314 3635 nal
326 3571 409 3637 platos
420 3569 490 3637 apud
503 3569 601 3625 Euseb.
617 3568 729 3624 laudato.
747 3570 916 3636 (Praeparat
929 3569 1089 3636 Eoonpelic.
1107 3583 1169 3634 nnr,
1185 3568 1247 3636 23.)

233 3667 267 3733 (2)
290 3664 345 3721 Vld.
363 3673 389 3720 et
401 3681 462 3735 quae
475 3667 570 3722 Euseh.
591 3667 641 3734 (lh.
660 3668 693 3727 ll.
715 3667 744 3734 2)
758 3680 790 3720 en
808 3667 920 3722 Diodor.
936 3667 1010 3721 sicul.
1032 3665 1161 3733 excerpsit
1177 3664 1211 3720 de
1224 3667 1337 3736 artthuls

193 3767 372 3836 Algyptiorutn
393 3774 420 3823 et
442 3769 594 3822 Graecoruur
619 3766 838 3835 religionibus·
854 3767 892 3822 cf.
905 3768 1006 3822 Platon.
1033 3767 1145 3835 cratpl.
1171 3765 1233 3829 263,
1255 3769 1285 3826 B,
1302 3795 1338 3806 -

195 3865 309 3920 hlaneth.
328 3866 463 3921 Natural.
484 3866 607 3932 holtem,
628 3876 654 3918 nt
674 3867 817 3928 Hecataeus.
838 3866 864 3920 Ιο
885 3870 926 3920 De
945 3865 1100 3932 philosoph.
1123 3869 1235 3933 AEoypt.
1259 3863 1336 3926 libro.

195 3963 263 4030 opud
275 3962 386 4029 Diogen.
402 3965 487 4017 laert.
503 3965 617 4017 Prolem.
635 3961 721 4017 ln-lt.

233 4055 267 4124 (3)
278 4058 468 4128 Sentllmpirlc.
478 4067 571 4114 contr.
584 4061 846 4115 mathematis-V.
858 4057 985 4113 Plutarch.
999 4057 1101 4114 Plocit.
1111 4046 1267 4126 rotrosopo.
1278 4059 1299 4123 l,
1312 4058 1345 4122 da

195 4155 375 4224 llllog.1aart.
391 4172 448 4211 curn
465 4157 533 4211 notis
544 4160 644 4226 llruag.
661 4172 721 4222 vrn,
733 4157 768 4213 76
777 4173 785 4222 ;
800 4156 873 4212 Stoh.
889 4157 982 4224 Eclop.
998 4157 1106 4227 physic.
1122 4172 1141 4212 1.
1153 4170 1205 4217 arr..

236 4253 268 4329 (h)
292 4251 348 4307 Vld.
365 4257 446 4320 Aves,
463 4255 522 4309 loct.
539 4253 582 4309 cit.
