2946 4746
610 334 767 369 -ιη-

112 448 215 521 trono,
236 437 320 505 haud
334 458 408 504 sane
426 437 596 504 absurdum
612 449 678 523 est,
699 438 755 505 sed
771 439 859 505 ualde
879 438 1049 519 dolendum
1069 437 1152 524 quod
1169 439 1259 505 Plato

109 561 210 637 poetae
235 550 397 637 assentiat,
423 551 580 651 lacessita3
603 572 697 637 quam
721 552 823 637 fingit,
846 572 956 618 eorum
975 552 1149 639 impietate,
1175 552 1254 638 «qui

110 684 174 731 non
195 664 328 730 eredunt
348 684 418 730 esse
440 664 522 731 Deos
545 665 653 750 quales
677 665 804 732 credere
826 666 913 751 leges
924 665 1047 752 jubent.
1065 692 1080 726 n
1102 663 1152 750 (i)
1173 665 1256 732 Num

108 777 177 863 ipse
200 789 233 844 et
254 777 337 843 Deos
357 778 435 843 tales
465 797 535 844 esse
558 777 708 860 credidit,
736 799 832 864 quum
863 780 896 844 iu
922 782 1051 846 Philebo
1076 779 1126 864 (2)
1156 779 1256 844 eonti-

108 899 230 955 tentem
251 890 412 956 Socratem
437 890 581 975 inducat,
605 911 675 957 sese
699 892 810 978 priscis
833 892 986 959 assentire
1011 893 1064 978 qui
1088 891 1251 958 dixerunt:

109 1004 217 1070 omnia
231 1024 248 1069 a
260 1014 367 1070 mente
379 1005 521 1071 exornari
533 1004 686 1071 mundum
699 1007 921 1088 consideranti,
936 1016 966 1072 et
980 1008 1079 1073 solem
1090 1016 1122 1072 et
1133 1007 1253 1089 lunam,

109 1127 274 1202 ceteraque
295 1116 398 1183 sidera
419 1138 547 1188 omnem
569 1118 703 1204 denique
727 1120 798 1186 coeli
824 1119 988 1186 circuitum
1003 1119 1064 1206 (3).
1090 1120 1256 1205 Opinionis
1293 1182 1296 1187 .

109 1240 216 1297 tamen
236 1231 374 1316 vulgaris
394 1232 426 1298 id
448 1233 578 1298 retinuit
600 1233 667 1317 ipse
684 1233 881 1315 Aristoteies,
908 1234 990 1320 quod
1008 1253 1081 1299 vere
1105 1233 1255 1301 divinitus

108 1342 259 1409 traditum
274 1364 343 1410 esse
360 1344 414 1427 ait,
429 1362 529 1428 πρώτας
544 1355 627 1414 οὐσίας
639 1365 708 1412 esse
724 1347 800 1413 deos
816 1343 868 1425 (1).

155 1454 301 1523 Ceterum
323 1457 400 1522 mihi
414 1458 542 1543 quidem
563 1461 646 1527 lrotrd
661 1461 720 1526 alia
736 1461 856 1526 ratione
868 1470 1011 1525 constare
1023 1478 1114 1544 pesse
1133 1458 1256 1524 videtur

109 1570 163 1635 iila
178 1579 241 1636 tam
255 1571 388 1638 celebris
404 1572 442 1639 dc
456 1572 522 1639 Diis
538 1573 660 1640 Prodici
676 1575 831 1641 sententia
847 1603 853 1640 :
869 1604 880 1632 u
894 1574 979 1654 Quos
993 1572 1096 1639 colitis
1110 1583 1142 1638 et
1156 1592 1253 1638 reue-

73 1708 79 1715 ·
108 1683 235 1768 ramini,
262 1684 371 1770 optimi
392 1685 562 1768 auditores,
582 1688 615 1752 hi
635 1709 697 1754 non
718 1688 819 1773 magis
836 1707 930 1774 quam
950 1708 1006 1753 vos
1024 1687 1096 1773 ipsi,
1112 1686 1161 1752 Dii
1180 1695 1254 1752 sunt

110 1797 261 1881 habendi,
285 1799 343 1865 sed
364 1820 458 1886 opera
481 1801 550 1884 Dei,
577 1802 632 1868 scd
656 1802 742 1888 quasi
769 1801 836 1888 ejus
858 1801 1089 1867 beneficiorum
1103 1800 1251 1867 ministri.

108 1910 258 1979 Memoris
273 1912 497 1981 beneficiorum
512 1915 608 1980 animi
623 1936 710 1982 error
721 1927 782 1997 est,
802 1935 889 1982 error
901 1926 1007 1980 tamen
1028 1925 1057 1979 et
1078 1924 1252 2000 peccatum,

108 2023 136 2089 si
151 2044 269 2110 pauper
278 2016 331 2092 'eui
346 2027 555 2113 opitulamini,
572 2029 650 2094 vesti
671 2048 731 2114 qua
745 2027 873 2114 tegitur,
889 2027 959 2093 cilto
979 2047 1041 2112 quo
1063 2026 1168 2106 alitur,
1190 2047 1253 2092 non

108 2137 198 2204 vohis
225 2139 376 2207 benefacti
400 2142 590 2224 auctoribus,
617 2144 732 2228 gratias
753 2152 834 2228 egat.
852 2168 867 2202 n
891 2141 989 2239 Igitur
1016 2141 1042 2207 si
1072 2140 1121 2206 eui
1157 2140 1252 2206 uideri

107 2252 209 2337 possit
228 2258 293 2320 ἄθεος
313 2254 408 2320 fuisse
431 2255 593 2336 Prodicus,
617 2266 732 2321 cortes
751 2254 843 2320 nohis
861 2253 1046 2322 Christianis
1064 2272 1101 2319 ea
1117 2253 1255 2320 nominis

107 2363 237 2431 infamia
252 2387 315 2433 non
332 2377 380 2434 est
393 2368 573 2434 adiciendus
585 2369 645 2448 (ὅ).

150 2477 306 2562 Equidem
321 2500 385 2545 nen
398 2481 508 2567 majori
524 2492 708 2566 argumento
723 2480 906 2546 eontirmarc
921 2488 1028 2565 putem
1043 2478 1125 2543 Deos
1139 2498 1255 2563 nequa-

107 2609 204 2675 quam
220 2611 238 2681 a
252 2591 384 2659 Prodico
399 2605 528 2679 negatos
544 2595 654 2677 fuisse,
670 2593 754 2680 quod
768 2613 822 2659 eos
837 2591 921 2658 haud
937 2591 1035 2657 semei
1056 2591 1089 2656 in
1109 2589 1198 2657 libris
1218 2595 1254 2655 de

107 2705 247 2770 Heronio
271 2717 302 2771 et
324 2709 360 2771 de
381 2709 588 2790 Apricoitoro
611 2682 808 2788 memoravit,
832 2705 946 2792 quippe
968 2725 1046 2790 quos
1068 2704 1166 2771 libros
1189 2703 1252 2770 dixi

107 2828 196 2884 extra
209 2819 349 2885 scholam
364 2821 470 2906 procui
486 2820 581 2887 dubio
596 2821 692 2887 fuisse
706 2820 820 2903 editos,
834 2831 927 2905 atque
942 2839 981 2884 eu
995 2819 1034 2885 iis
1051 2839 1121 2884 esse
1135 2819 1167 2883 in
1183 2820 1254 2905 qui·

108 2931 168 2998 bus
192 2942 299 2998 eontra
325 2933 409 3018 vulgi
436 2935 600 3021 opiniones
620 2955 683 3001 non
708 2933 901 3020 repugnabat
922 2932 1138 3019 philosophus.
1165 2933 1255 2999 Atte-

109 3062 183 3109 men
197 3043 334 3130 pretium
354 3065 457 3132 operm
478 3055 537 3127 est,
557 3056 664 3112 notare
688 3064 761 3110 eum
783 3062 938 3129 nusquam
954 3042 984 3106 in
1001 3041 1114 3106 iisdem
1130 3040 1255 3125 seriptis

107 3156 284 3243 uulgarium
305 3158 442 3224 Deorum
465 3159 593 3225 nomina
608 3159 728 3232 atierre,
752 3156 807 3224 sed
830 3156 961 3223 numina
982 3165 1103 3220 tantum
1128 3153 1254 3219 laudare

149 3372 182 3440 (1)
205 3377 270 3441 Lep.
285 3389 309 3428 r.
326 3389 351 3444 p.
365 3374 427 3437 666,
444 3378 477 3439 D;
493 3375 600 3430 uinitori
615 3375 814 3444 aristophanem
827 3375 982 3431 deserente
995 3381 1022 3428 et
1035 3372 1147 3428 Prodico
1161 3370 1254 3426 imitari

109 3467 220 3524 ridetur.
314 3472 317 3476 ’

150 3568 183 3634 (1)
208 3570 236 3621 P.
253 3568 297 3629 79,
313 3572 342 3624 Ε.

150 3664 184 3732 (3)
207 3665 263 3719 Vid.
287 3676 312 3720 et
323 3667 358 3723 id.
375 3668 434 3724 inir.
450 3668 483 3724 de
494 3669 684 3725 elementorum
695 3670 764 3740 opud
778 3685 825 3725 utos
841 3669 956 3724 utilitate.

151 3765 185 3833 (lt)
207 3767 392 3835 Metepnysie.
415 3767 478 3822 edit.
505 3769 598 3823 Dut’oi.
620 3785 673 3832 mv.
693 3772 717 3824 t.
730 3767 809 3824 -Ci
825 3770 940 3823 xenocr.
961 3767 1030 3836 apud
1051 3765 1137 3830 Stob„
1156 3765 1255 3833 Ectop:

110 3865 223 3934 physic,
238 3867 259 3925 1.
275 3865 300 3927 3.
317 3881 342 3934 p.
356 3865 432 3931 5-10;
447 3877 473 3922 et
488 3869 568 3923 Stete.
583 3868 647 3924 ibid.
663 3883 691 3938 pa
705 3867 749 3925 [ιθ.

153 3964 188 4035 (5)
209 3963 321 4019 atheum
340 3963 419 4020 fuisse
441 3965 580 4021 Prodicum
605 3975 732 4034 oeperunt
750 3966 821 4020 uudti
840 3964 1011 4024 recentiores.
1033 3961 1101 4015 inter
1115 3974 1183 4028 quos
1201 3959 1252 4014 vid.

112 4063 277 4116 Retmmaun.
295 4061 402 4118 Hister.
418 4063 551 4119 Atdeisnt.
565 4078 590 4119 e.
610 4079 676 4127 xvu,
689 4064 705 4133 S
720 4064 746 4126 5,
762 4079 787 4132 p.
804 4063 854 4118 132
864 4078 877 4125 a
887 4060 1055 4121 -ssrucker.
1068 4056 1142 4113 Hist.
1159 4055 1252 4114 critic.

112 4155 269 4224 philosoph.
291 4164 357 4225 part.
374 4172 407 4218 u.
427 4160 471 4214 tto.
492 4159 535 4215 11.
556 4175 580 4215 c.
595 4175 630 4215 nr.
648 4168 702 4216 not.
714 4164 811 4224 ;-De
826 4159 948 4214 iterando
962 4160 1103 4227 sustentes
1117 4155 1152 4210 de
1166 4156 1256 4222 pitito-

113 4253 221 4320 sonate,
237 4254 319 4322 imp.
332 4253 375 4309 96.
391 4263 418 4310 et
429 4256 480 4310 atii.
1092 4257 1095 4261 ’
