<?xml version="1.0" encoding="UTF-8"?>
<!DOCTYPE html PUBLIC "-//W3C//DTD XHTML 1.0 Transitional//EN"
    "http://www.w3.org/TR/xhtml1/DTD/xhtml1-transitional.dtd">
<html xmlns="http://www.w3.org/1999/xhtml" xml:lang="en" lang="en">
 <head>
  <title>
</title>
<meta http-equiv="Content-Type" content="text/html;charset=utf-8" />
  <meta name='ocr-system' content='tesseract 3.04.00' />
  <meta name='ocr-capabilities' content='ocr_page ocr_carea ocr_par ocr_line ocrx_word'/>
</head>
<body>
  <div class='ocr_page' id='page_1' title='image "./deprodicoceioso01couggoog_0072.png"; bbox 0 0 2946 4746; ppageno 0'>
   <div class='ocr_carea' id='block_1_1' title="bbox 137 371 1320 3549">
    <p class='ocr_par' dir='ltr' id='par_1_1' title="bbox 653 371 811 428">
     <span class='ocr_line' id='line_1_1' title="bbox 653 371 811 428; baseline 0.013 -18"><span class='ocrx_word' id='word_1_1' title='bbox 653 394 692 410; x_wconf 81' lang='grc'><strong>..-</strong></span> <span class='ocrx_word' id='word_1_2' title='bbox 714 371 751 428; x_wconf 70' lang='lat'><strong>07</strong></span> <span class='ocrx_word' id='word_1_3' title='bbox 771 397 811 412; x_wconf 92' lang='grc'><strong>...</strong></span> 
     </span>
    </p>

    <p class='ocr_par' dir='ltr' id='par_1_2' title="bbox 159 478 1305 2386">
     <span class='ocr_line' id='line_1_2' title="bbox 159 478 1299 588; baseline 0.005 -24"><span class='ocrx_word' id='word_1_4' title='bbox 159 499 274 588; x_wconf 88' lang='lat' dir='ltr'><strong>quibus</strong></span> <span class='ocrx_word' id='word_1_5' title='bbox 290 493 511 568; x_wconf 79' lang='lat' dir='ltr'><strong>uocabulorum</strong></span> <span class='ocrx_word' id='word_1_6' title='bbox 532 478 645 566; x_wconf 89' lang='lat' dir='ltr'><strong>linibus</strong></span> <span class='ocrx_word' id='word_1_7' title='bbox 661 493 711 567; x_wconf 87' lang='lat' dir='ltr'><strong>res</strong></span> <span class='ocrx_word' id='word_1_8' title='bbox 730 496 1029 587; x_wconf 82' lang='lat' dir='ltr'><strong>comprehenderet,</strong></span> <span class='ocrx_word' id='word_1_9' title='bbox 1059 499 1201 569; x_wconf 83' lang='lat' dir='ltr'><strong>nonnulli</strong></span> <span class='ocrx_word' id='word_1_10' title='bbox 1226 523 1299 572; x_wconf 87' lang='lat' dir='ltr'><strong>con-</strong></span> 
     </span>
     <span class='ocr_line' id='line_1_3' title="bbox 160 614 1299 715; baseline 0.005 -35"><span class='ocrx_word' id='word_1_11' title='bbox 160 615 330 681; x_wconf 90' lang='lat' dir='ltr'><strong>tenderunt</strong></span> <span class='ocrx_word' id='word_1_12' title='bbox 360 614 420 696; x_wconf 81' lang='grc'>(1).</span> <span class='ocrx_word' id='word_1_13' title='bbox 450 615 615 715; x_wconf 89' lang='lat' dir='ltr'><strong>Prodicum</strong></span> <span class='ocrx_word' id='word_1_14' title='bbox 645 625 751 683; x_wconf 88' lang='lat' dir='ltr'><strong>autem</strong></span> <span class='ocrx_word' id='word_1_15' title='bbox 778 617 914 703; x_wconf 93' lang='lat' dir='ltr'><strong>primum</strong></span> <span class='ocrx_word' id='word_1_16' title='bbox 938 618 1103 702; x_wconf 92' lang='lat' dir='ltr'><strong>omnium,</strong></span> <span class='ocrx_word' id='word_1_17' title='bbox 1130 620 1238 705; x_wconf 90' lang='lat' dir='ltr'><strong>quanti</strong></span> <span class='ocrx_word' id='word_1_18' title='bbox 1266 621 1299 686; x_wconf 93' lang='lat' dir='ltr'><strong>in</strong></span> 
     </span>
     <span class='ocr_line' id='line_1_4' title="bbox 161 714 1301 823; baseline 0.006 -28"><span class='ocrx_word' id='word_1_19' title='bbox 161 729 248 795; x_wconf 92' lang='lat' dir='ltr'><strong>omni</strong></span> <span class='ocrx_word' id='word_1_20' title='bbox 264 747 297 796; x_wconf 91' lang='lat' dir='ltr'><strong>re</strong></span> <span class='ocrx_word' id='word_1_21' title='bbox 310 714 390 797; x_wconf 86' lang='lat' dir='ltr'><strong>bene</strong></span> <span class='ocrx_word' id='word_1_22' title='bbox 404 729 498 796; x_wconf 82' lang='lat' dir='ltr'><strong>&#39;verba</strong></span> <span class='ocrx_word' id='word_1_23' title='bbox 513 729 643 797; x_wconf 86' lang='lat' dir='ltr'><strong>delinire</strong></span> <span class='ocrx_word' id='word_1_24' title='bbox 658 730 801 813; x_wconf 88' lang='lat' dir='ltr'><strong>intersit,</strong></span> <span class='ocrx_word' id='word_1_25' title='bbox 818 731 953 814; x_wconf 88' lang='lat' dir='ltr'><strong>vidisse,</strong></span> <span class='ocrx_word' id='word_1_26' title='bbox 971 730 1099 818; x_wconf 88' lang='lat' dir='ltr'><strong>ejusque</strong></span> <span class='ocrx_word' id='word_1_27' title='bbox 1119 745 1149 799; x_wconf 92' lang='lat' dir='ltr'><strong>et</strong></span> <span class='ocrx_word' id='word_1_28' title='bbox 1165 754 1301 823; x_wconf 86' lang='lat' dir='ltr'><strong>praecep</strong></span> 
     </span>
     <span class='ocr_line' id='line_1_5' title="bbox 162 841 1298 930; baseline 0.007 -23"><span class='ocrx_word' id='word_1_29' title='bbox 162 852 193 907; x_wconf 92' lang='lat' dir='ltr'><strong>ta</strong></span> <span class='ocrx_word' id='word_1_30' title='bbox 211 852 243 908; x_wconf 90' lang='lat' dir='ltr'><strong>et</strong></span> <span class='ocrx_word' id='word_1_31' title='bbox 262 842 405 930; x_wconf 85' lang='lat' dir='ltr'><strong>exempla</strong></span> <span class='ocrx_word' id='word_1_32' title='bbox 421 841 505 909; x_wconf 89' lang='lat' dir='ltr'><strong>haud</strong></span> <span class='ocrx_word' id='word_1_33' title='bbox 519 863 629 930; x_wconf 89' lang='lat' dir='ltr'><strong>parum</strong></span> <span class='ocrx_word' id='word_1_34' title='bbox 643 843 760 911; x_wconf 86' lang='lat' dir='ltr'><strong>Socrati</strong></span> <span class='ocrx_word' id='word_1_35' title='bbox 779 844 931 929; x_wconf 82' lang='lat' dir='ltr'>profuisse</span> <span class='ocrx_word' id='word_1_36' title='bbox 946 844 1094 912; x_wconf 80' lang='lat' dir='ltr'>credibile</span> <span class='ocrx_word' id='word_1_37' title='bbox 1109 856 1168 913; x_wconf 91' lang='lat' dir='ltr'><strong>est.</strong></span> <span class='ocrx_word' id='word_1_38' title='bbox 1191 873 1205 907; x_wconf 79' lang='lat' dir='ltr'><strong>c</strong></span> <span class='ocrx_word' id='word_1_39' title='bbox 1221 847 1298 930; x_wconf 87' lang='lat' dir='ltr'><strong>Hic,</strong></span> 
     </span>
     <span class='ocr_line' id='line_1_6' title="bbox 162 945 1300 1046; baseline 0.005 -26"><span class='ocrx_word' id='word_1_40' title='bbox 162 955 265 1042; x_wconf 92' lang='lat' dir='ltr'><strong>inquit</strong></span> <span class='ocrx_word' id='word_1_41' title='bbox 288 955 483 1042; x_wconf 80' lang='lat' dir='ltr'><strong>Xenophon,</strong></span> <span class='ocrx_word' id='word_1_42' title='bbox 506 973 667 1046; x_wconf 91' lang='lat' dir='ltr'><strong>nunquam</strong></span> <span class='ocrx_word' id='word_1_43' title='bbox 693 956 758 1023; x_wconf 90' lang='lat' dir='ltr'><strong>suis</strong></span> <span class='ocrx_word' id='word_1_44' title='bbox 776 976 848 1022; x_wconf 92' lang='lat' dir='ltr'><strong>cum</strong></span> <span class='ocrx_word' id='word_1_45' title='bbox 874 957 1078 1025; x_wconf 81' lang='lat' dir='ltr'><strong>familiaribus</strong></span> <span class='ocrx_word' id='word_1_46' title='bbox 1102 945 1300 1026; x_wconf 79' lang='lat' dir='ltr'><strong>considerare</strong></span> 
     </span>
     <span class='ocr_line' id='line_1_7' title="bbox 163 1049 1299 1156; baseline 0.004 -22"><span class='ocrx_word' id='word_1_47' title='bbox 163 1066 328 1135; x_wconf 82' lang='lat' dir='ltr'><strong>desinebat</strong></span> <span class='ocrx_word' id='word_1_48' title='bbox 341 1067 415 1154; x_wconf 90' lang='lat' dir='ltr'><strong>quid</strong></span> <span class='ocrx_word' id='word_1_49' title='bbox 428 1087 478 1133; x_wconf 88' lang='lat' dir='ltr'><strong>res</strong></span> <span class='ocrx_word' id='word_1_50' title='bbox 501 1067 647 1153; x_wconf 78' lang='lat' dir='ltr'><strong>quelibet</strong></span> <span class='ocrx_word' id='word_1_51' title='bbox 660 1078 764 1152; x_wconf 75' lang='lat' dir='ltr'><strong>esset,</strong></span> <span class='ocrx_word' id='word_1_52' title='bbox 785 1094 799 1127; x_wconf 79' lang='lat' dir='ltr'><strong>r</strong></span> <span class='ocrx_word' id='word_1_53' title='bbox 826 1068 875 1152; x_wconf 51' lang='grc' dir='ltr'><strong>(ἢ)</strong></span> <span class='ocrx_word' id='word_1_54' title='bbox 898 1078 1010 1154; x_wconf 88' lang='lat' dir='ltr'><strong>atquc,</strong></span> <span class='ocrx_word' id='word_1_55' title='bbox 1027 1069 1107 1156; x_wconf 92' lang='lat' dir='ltr'><strong>apud</strong></span> <span class='ocrx_word' id='word_1_56' title='bbox 1122 1049 1299 1155; x_wconf 75' lang='lat' dir='ltr'><strong>Philonem,</strong></span> 
     </span>
     <span class='ocr_line' id='line_1_8' title="bbox 164 1180 1303 1272; baseline 0.001 -23"><span class='ocrx_word' id='word_1_57' title='bbox 164 1182 249 1249; x_wconf 92' lang='lat' dir='ltr'><strong>idem</strong></span> <span class='ocrx_word' id='word_1_58' title='bbox 265 1203 329 1249; x_wconf 91' lang='lat' dir='ltr'><strong>non</strong></span> <span class='ocrx_word' id='word_1_59' title='bbox 344 1202 381 1248; x_wconf 82' lang='lat' dir='ltr'><strong>er</strong></span> <span class='ocrx_word' id='word_1_60' title='bbox 393 1182 520 1249; x_wconf 92' lang='lat' dir='ltr'><strong>nominc</strong></span> <span class='ocrx_word' id='word_1_61' title='bbox 535 1201 602 1248; x_wconf 88' lang='lat' dir='ltr'><strong>rem</strong></span> <span class='ocrx_word' id='word_1_62' title='bbox 617 1234 625 1266; x_wconf 93' lang='lat'><strong>,</strong></span> <span class='ocrx_word' id='word_1_63' title='bbox 642 1180 698 1247; x_wconf 90' lang='lat' dir='ltr'><strong>sed</strong></span> <span class='ocrx_word' id='word_1_64' title='bbox 711 1201 751 1247; x_wconf 82' lang='lat' dir='ltr'><strong>ex</strong></span> <span class='ocrx_word' id='word_1_65' title='bbox 764 1202 796 1247; x_wconf 90' lang='lat' dir='ltr'><strong>re</strong></span> <span class='ocrx_word' id='word_1_66' title='bbox 813 1182 916 1268; x_wconf 88' lang='lat' dir='ltr'><strong>potius</strong></span> <span class='ocrx_word' id='word_1_67' title='bbox 931 1183 998 1269; x_wconf 86' lang='lat' dir='ltr'><strong>ipsa</strong></span> <span class='ocrx_word' id='word_1_68' title='bbox 1013 1182 1195 1250; x_wconf 90' lang='lat' dir='ltr'><strong>discendam</strong></span> <span class='ocrx_word' id='word_1_69' title='bbox 1220 1207 1303 1272; x_wconf 87' lang='lat' dir='ltr'><strong>quae-</strong></span> 
     </span>
     <span class='ocr_line' id='line_1_9' title="bbox 163 1291 1302 1388; baseline 0.004 -27"><span class='ocrx_word' id='word_1_70' title='bbox 163 1295 356 1386; x_wconf 83' lang='lat' dir='ltr'><strong>rendumque</strong></span> <span class='ocrx_word' id='word_1_71' title='bbox 384 1291 546 1360; x_wconf 83' lang='lat' dir='ltr'><strong>contendit</strong></span> <span class='ocrx_word' id='word_1_72' title='bbox 568 1294 628 1375; x_wconf 81' lang='lat'><strong>(3).</strong></span> <span class='ocrx_word' id='word_1_73' title='bbox 646 1292 749 1359; x_wconf 86' lang='lat' dir='ltr'><strong>Minus</strong></span> <span class='ocrx_word' id='word_1_74' title='bbox 762 1294 888 1388; x_wconf 88' lang='lat' dir='ltr'><strong>quidem</strong></span> <span class='ocrx_word' id='word_1_75' title='bbox 910 1294 990 1361; x_wconf 90' lang='lat' dir='ltr'><strong>hene</strong></span> <span class='ocrx_word' id='word_1_76' title='bbox 1003 1295 1135 1362; x_wconf 89' lang='lat' dir='ltr'><strong>Prodico</strong></span> <span class='ocrx_word' id='word_1_77' title='bbox 1147 1317 1185 1364; x_wconf 83' lang='lat' dir='ltr'><strong>ex</strong></span> <span class='ocrx_word' id='word_1_78' title='bbox 1197 1298 1302 1365; x_wconf 91' lang='lat' dir='ltr'><strong>norni-</strong></span> 
     </span>
     <span class='ocr_line' id='line_1_10' title="bbox 164 1380 1303 1491; baseline 0.004 -18"><span class='ocrx_word' id='word_1_79' title='bbox 164 1380 260 1474; x_wconf 80' lang='lat' dir='ltr'><strong>niltds</strong></span> <span class='ocrx_word' id='word_1_80' title='bbox 284 1405 322 1472; x_wconf 91' lang='lat' dir='ltr'><strong>ad</strong></span> <span class='ocrx_word' id='word_1_81' title='bbox 338 1400 444 1472; x_wconf 78' lang='lat' dir='ltr'><strong>&#39;lerum</strong></span> <span class='ocrx_word' id='word_1_82' title='bbox 468 1405 612 1472; x_wconf 83' lang='lat' dir='ltr'><strong>notitiam</strong></span> <span class='ocrx_word' id='word_1_83' title='bbox 629 1404 674 1471; x_wconf 92' lang='lat' dir='ltr'><strong>ire</strong></span> <span class='ocrx_word' id='word_1_84' title='bbox 691 1393 844 1491; x_wconf 71' lang='lat' dir='ltr'><strong>placebat.</strong></span> <span class='ocrx_word' id='word_1_85' title='bbox 860 1405 971 1473; x_wconf 89' lang='lat' dir='ltr'><strong>Nonne</strong></span> <span class='ocrx_word' id='word_1_86' title='bbox 992 1425 1087 1491; x_wconf 84' lang='lat' dir='ltr'><strong>vero,</strong></span> <span class='ocrx_word' id='word_1_87' title='bbox 1118 1407 1151 1474; x_wconf 87' lang='lat' dir='ltr'><strong>ut</strong></span> <span class='ocrx_word' id='word_1_88' title='bbox 1175 1411 1303 1478; x_wconf 86' lang='lat' dir='ltr'><strong>nomina</strong></span> 
     </span>
     <span class='ocr_line' id='line_1_11' title="bbox 163 1517 1301 1607; baseline 0 -19"><span class='ocrx_word' id='word_1_89' title='bbox 163 1519 391 1607; x_wconf 75' lang='lat' dir='ltr'><strong>distingueret,</strong></span> <span class='ocrx_word' id='word_1_90' title='bbox 409 1538 459 1584; x_wconf 90' lang='lat' dir='ltr'><strong>res</strong></span> <span class='ocrx_word' id='word_1_91' title='bbox 473 1518 556 1605; x_wconf 91' lang='lat' dir='ltr'><strong>ipsas</strong></span> <span class='ocrx_word' id='word_1_92' title='bbox 575 1529 607 1584; x_wconf 89' lang='lat' dir='ltr'><strong>et</strong></span> <span class='ocrx_word' id='word_1_93' title='bbox 620 1517 817 1584; x_wconf 89' lang='lat' dir='ltr'><strong>considerare</strong></span> <span class='ocrx_word' id='word_1_94' title='bbox 839 1529 871 1584; x_wconf 93' lang='lat' dir='ltr'><strong>et</strong></span> <span class='ocrx_word' id='word_1_95' title='bbox 893 1518 1046 1605; x_wconf 85' lang='lat' dir='ltr'><strong>explicare</strong></span> <span class='ocrx_word' id='word_1_96' title='bbox 1069 1539 1197 1588; x_wconf 90' lang='lat' dir='ltr'><strong>necesse</strong></span> <span class='ocrx_word' id='word_1_97' title='bbox 1223 1522 1301 1607; x_wconf 89' lang='lat' dir='ltr'><strong>luit,</strong></span> 
     </span>
     <span class='ocr_line' id='line_1_12' title="bbox 163 1630 1304 1720; baseline 0.003 -20"><span class='ocrx_word' id='word_1_98' title='bbox 163 1644 218 1713; x_wconf 85' lang='lat' dir='ltr'><strong>ut,</strong></span> <span class='ocrx_word' id='word_1_99' title='bbox 236 1631 372 1719; x_wconf 87' lang='lat' dir='ltr'><strong>exempli</strong></span> <span class='ocrx_word' id='word_1_100' title='bbox 392 1650 505 1713; x_wconf 87' lang='lat' dir='ltr'><strong>causa,</strong></span> <span class='ocrx_word' id='word_1_101' title='bbox 522 1630 597 1716; x_wconf 93' lang='lat' dir='ltr'><strong>quid</strong></span> <span class='ocrx_word' id='word_1_102' title='bbox 611 1630 653 1697; x_wconf 91' lang='lat' dir='ltr'><strong>sit</strong></span> <span class='ocrx_word' id='word_1_103' title='bbox 667 1633 820 1714; x_wconf 78' lang='lat' dir='ltr'><strong>omhiqerc</strong></span> <span class='ocrx_word' id='word_1_104' title='bbox 837 1641 869 1696; x_wconf 91' lang='lat' dir='ltr'><strong>et</strong></span> <span class='ocrx_word' id='word_1_105' title='bbox 886 1636 1086 1710; x_wconf 86' lang='lat' dir='ltr'><strong>contendcrc‚·</strong></span> <span class='ocrx_word' id='word_1_106' title='bbox 1102 1633 1176 1720; x_wconf 92' lang='lat' dir='ltr'><strong>quid</strong></span> <span class='ocrx_word' id='word_1_107' title='bbox 1192 1631 1304 1704; x_wconf 78' lang='lat' dir='ltr'><strong>lodda·</strong></span> 
     </span>
     <span class='ocr_line' id='line_1_13' title="bbox 162 1746 1304 1836; baseline 0.003 -20"><span class='ocrx_word' id='word_1_108' title='bbox 162 1769 198 1816; x_wconf 85' lang='lat' dir='ltr'><strong>rc</strong></span> <span class='ocrx_word' id='word_1_109' title='bbox 211 1759 244 1816; x_wconf 94' lang='lat' dir='ltr'><strong>et</strong></span> <span class='ocrx_word' id='word_1_110' title='bbox 253 1751 409 1832; x_wconf 84' lang='lat' dir='ltr'><strong>prohorc,·</strong></span> <span class='ocrx_word' id='word_1_111' title='bbox 425 1746 499 1833; x_wconf 93' lang='lat' dir='ltr'><strong>quid</strong></span> <span class='ocrx_word' id='word_1_112' title='bbox 514 1749 648 1831; x_wconf 71' lang='lat' dir='ltr'><strong>qondam</strong></span> <span class='ocrx_word' id='word_1_113' title='bbox 661 1757 693 1813; x_wconf 92' lang='lat' dir='ltr'><strong>et</strong></span> <span class='ocrx_word' id='word_1_114' title='bbox 706 1750 960 1831; x_wconf 80' lang='lat' dir='ltr'><strong>voluptotcoffiei</strong></span> <span class='ocrx_word' id='word_1_115' title='bbox 981 1748 1044 1834; x_wconf 67' lang='lat' dir='ltr'><strong>ill?</strong></span> <span class='ocrx_word' id='word_1_116' title='bbox 1058 1749 1214 1836; x_wconf 89' lang='lat' dir='ltr'><strong>siquidem</strong></span> <span class='ocrx_word' id='word_1_117' title='bbox 1228 1752 1304 1819; x_wconf 87' lang='lat' dir='ltr'><strong>satis</strong></span> 
     </span>
     <span class='ocr_line' id='line_1_14' title="bbox 163 1847 1302 1952; baseline 0.003 -22"><span class='ocrx_word' id='word_1_118' title='bbox 163 1873 286 1930; x_wconf 89' lang='lat' dir='ltr'><strong>constat</strong></span> <span class='ocrx_word' id='word_1_119' title='bbox 302 1882 341 1929; x_wconf 82' lang='lat' dir='ltr'><strong>ex</strong></span> <span class='ocrx_word' id='word_1_120' title='bbox 359 1880 464 1928; x_wconf 91' lang='lat' dir='ltr'><strong>rerum</strong></span> <span class='ocrx_word' id='word_1_121' title='bbox 479 1860 659 1927; x_wconf 82' lang='lat' dir='ltr'><strong>definitione</strong></span> <span class='ocrx_word' id='word_1_122' title='bbox 675 1847 811 1946; x_wconf 85' lang='lat' dir='ltr'><strong>pendere</strong></span> <span class='ocrx_word' id='word_1_123' title='bbox 826 1860 992 1928; x_wconf 89' lang='lat' dir='ltr'><strong>verborum</strong></span> <span class='ocrx_word' id='word_1_124' title='bbox 1011 1861 1227 1932; x_wconf 84' lang='lat' dir='ltr'><strong>definitionem</strong></span> <span class='ocrx_word' id='word_1_125' title='bbox 1247 1864 1302 1952; x_wconf 75' lang='grc' dir='ltr'>(ὅ).</span> 
     </span>
     <span class='ocr_line' id='line_1_15' title="bbox 163 1974 1305 2062; baseline 0.004 -19"><span class='ocrx_word' id='word_1_126' title='bbox 163 1977 246 2060; x_wconf 86' lang='lat' dir='ltr'><strong>Quid</strong></span> <span class='ocrx_word' id='word_1_127' title='bbox 263 1978 390 2044; x_wconf 78' lang='lat' dir='ltr'><strong>multa?</strong></span> <span class='ocrx_word' id='word_1_128' title='bbox 417 1997 453 2042; x_wconf 86' lang='lat' dir='ltr'><strong>ex</strong></span> <span class='ocrx_word' id='word_1_129' title='bbox 479 1975 529 2042; x_wconf 92' lang='lat' dir='ltr'><strong>his</strong></span> <span class='ocrx_word' id='word_1_130' title='bbox 557 1975 705 2042; x_wconf 90' lang='lat' dir='ltr'><strong>omnihus</strong></span> <span class='ocrx_word' id='word_1_131' title='bbox 726 1974 802 2044; x_wconf 83' lang='lat' dir='ltr'><strong>satis</strong></span> <span class='ocrx_word' id='word_1_132' title='bbox 825 1986 953 2062; x_wconf 84' lang='lat' dir='ltr'><strong>apparet</strong></span> <span class='ocrx_word' id='word_1_133' title='bbox 976 1976 1142 2044; x_wconf 83' lang='lat' dir='ltr'><strong>Prodicum</strong></span> <span class='ocrx_word' id='word_1_134' title='bbox 1166 1979 1305 2048; x_wconf 87' lang='lat' dir='ltr'><strong>veritatis</strong></span> 
     </span>
     <span class='ocr_line' id='line_1_16' title="bbox 164 2086 1305 2177; baseline 0.004 -20"><span class='ocrx_word' id='word_1_135' title='bbox 164 2109 260 2177; x_wconf 90' lang='lat' dir='ltr'><strong>quarn</strong></span> <span class='ocrx_word' id='word_1_136' title='bbox 275 2089 526 2156; x_wconf 87' lang='lat' dir='ltr'><strong>amantissimum</strong></span> <span class='ocrx_word' id='word_1_137' title='bbox 554 2087 669 2170; x_wconf 88' lang='lat' dir='ltr'><strong>luisse,</strong></span> <span class='ocrx_word' id='word_1_138' title='bbox 692 2086 899 2173; x_wconf 87' lang='lat' dir='ltr'><strong>inanibusque</strong></span> <span class='ocrx_word' id='word_1_139' title='bbox 926 2088 1064 2156; x_wconf 91' lang='lat' dir='ltr'><strong>alienum</strong></span> <span class='ocrx_word' id='word_1_140' title='bbox 1087 2094 1305 2161; x_wconf 87' lang='lat' dir='ltr'><strong>controversiis</strong></span> 
     </span>
     <span class='ocr_line' id='line_1_17' title="bbox 164 2184 1305 2293; baseline 0.005 -22"><span class='ocrx_word' id='word_1_141' title='bbox 164 2224 234 2293; x_wconf 81' lang='lat' dir='ltr'><strong>quae</strong></span> <span class='ocrx_word' id='word_1_142' title='bbox 249 2203 335 2271; x_wconf 87' lang='lat' dir='ltr'><strong>nulla</strong></span> <span class='ocrx_word' id='word_1_143' title='bbox 349 2203 398 2269; x_wconf 88' lang='lat' dir='ltr'><strong>ria</strong></span> <span class='ocrx_word' id='word_1_144' title='bbox 426 2202 540 2269; x_wconf 91' lang='lat' dir='ltr'><strong>melius</strong></span> <span class='ocrx_word' id='word_1_145' title='bbox 556 2201 733 2267; x_wconf 86' lang='lat' dir='ltr'><strong>devitentur</strong></span> <span class='ocrx_word' id='word_1_146' title='bbox 748 2220 841 2286; x_wconf 89' lang='lat' dir='ltr'><strong>quam</strong></span> <span class='ocrx_word' id='word_1_147' title='bbox 856 2201 882 2266; x_wconf 92' lang='lat' dir='ltr'><strong>si</strong></span> <span class='ocrx_word' id='word_1_148' title='bbox 898 2201 981 2269; x_wconf 88' lang='lat' dir='ltr'><strong>inter</strong></span> <span class='ocrx_word' id='word_1_149' title='bbox 999 2203 1210 2292; x_wconf 85' lang='lat' dir='ltr'><strong>disceptantes</strong></span> <span class='ocrx_word' id='word_1_150' title='bbox 1225 2184 1305 2277; x_wconf 87' lang='lat' dir='ltr'><strong>hene</strong></span> 
     </span>
     <span class='ocr_line' id='line_1_18' title="bbox 164 2312 890 2386; baseline -0.007 -1"><span class='ocrx_word' id='word_1_151' title='bbox 164 2317 204 2386; x_wconf 89' lang='lat' dir='ltr'><strong>de</strong></span> <span class='ocrx_word' id='word_1_152' title='bbox 220 2315 315 2385; x_wconf 90' lang='lat' dir='ltr'><strong>rebus</strong></span> <span class='ocrx_word' id='word_1_153' title='bbox 332 2329 367 2383; x_wconf 87' lang='lat' dir='ltr'><strong>ac</strong></span> <span class='ocrx_word' id='word_1_154' title='bbox 382 2335 487 2383; x_wconf 90' lang='lat' dir='ltr'><strong>rerum</strong></span> <span class='ocrx_word' id='word_1_155' title='bbox 504 2312 684 2381; x_wconf 91' lang='lat' dir='ltr'><strong>nominihus</strong></span> <span class='ocrx_word' id='word_1_156' title='bbox 698 2313 890 2382; x_wconf 88' lang='lat' dir='ltr'><strong>convenerit.</strong></span> 
     </span>
    </p>

    <p class='ocr_par' dir='ltr' id='par_1_3' title="bbox 137 2422 1309 2971">
     <span class='ocr_line' id='line_1_19' title="bbox 209 2422 1308 2521; baseline 0.004 -21"><span class='ocrx_word' id='word_1_157' title='bbox 209 2433 316 2519; x_wconf 93' lang='lat' dir='ltr'><strong>ltaque</strong></span> <span class='ocrx_word' id='word_1_158' title='bbox 332 2433 535 2499; x_wconf 86' lang='lat' dir='ltr'><strong>vehementer</strong></span> <span class='ocrx_word' id='word_1_159' title='bbox 549 2428 720 2496; x_wconf 89' lang='lat' dir='ltr'><strong>dolendum</strong></span> <span class='ocrx_word' id='word_1_160' title='bbox 735 2422 877 2514; x_wconf 81' lang='lat' dir='ltr'><strong>estquod</strong></span> <span class='ocrx_word' id='word_1_161' title='bbox 892 2429 993 2496; x_wconf 86' lang='lat' dir='ltr'><strong>aetatis</strong></span> <span class='ocrx_word' id='word_1_162' title='bbox 1018 2430 1135 2501; x_wconf 88' lang='lat' dir='ltr'><strong>invidia</strong></span> <span class='ocrx_word' id='word_1_163' title='bbox 1157 2436 1308 2521; x_wconf 91' lang='lat' dir='ltr'><strong>perierint</strong></span> 
     </span>
     <span class='ocr_line' id='line_1_20' title="bbox 165 2542 1307 2634; baseline 0 -18"><span class='ocrx_word' id='word_1_164' title='bbox 165 2547 273 2617; x_wconf 86' lang='lat' dir='ltr'><strong>omnia</strong></span> <span class='ocrx_word' id='word_1_165' title='bbox 286 2543 356 2634; x_wconf 83' lang='lat' dir='ltr'><strong>quae¹</strong></span> <span class='ocrx_word' id='word_1_166' title='bbox 370 2557 402 2613; x_wconf 92' lang='lat' dir='ltr'><strong>et</strong></span> <span class='ocrx_word' id='word_1_167' title='bbox 415 2547 482 2634; x_wconf 91' lang='lat' dir='ltr'><strong>ipse</strong></span> <span class='ocrx_word' id='word_1_168' title='bbox 495 2554 527 2612; x_wconf 92' lang='lat' dir='ltr'><strong>et</strong></span> <span class='ocrx_word' id='word_1_169' title='bbox 541 2542 609 2630; x_wconf 87' lang='lat' dir='ltr'><strong>ejus</strong></span> <span class='ocrx_word' id='word_1_170' title='bbox 628 2542 771 2629; x_wconf 91' lang='lat' dir='ltr'><strong>discipuli</strong></span> <span class='ocrx_word' id='word_1_171' title='bbox 787 2597 795 2625; x_wconf 92' lang='lat'><strong>,</strong></span> <span class='ocrx_word' id='word_1_172' title='bbox 813 2554 847 2610; x_wconf 93' lang='lat' dir='ltr'><strong>ut</strong></span> <span class='ocrx_word' id='word_1_173' title='bbox 865 2543 1099 2629; x_wconf 82' lang='lat' dir='ltr'><strong>Theramenes,</strong></span> <span class='ocrx_word' id='word_1_174' title='bbox 1121 2547 1160 2614; x_wconf 91' lang='lat' dir='ltr'><strong>de</strong></span> <span class='ocrx_word' id='word_1_175' title='bbox 1184 2549 1234 2615; x_wconf 94' lang='lat' dir='ltr'><strong>his</strong></span> <span class='ocrx_word' id='word_1_176' title='bbox 1255 2571 1307 2616; x_wconf 90' lang='lat' dir='ltr'><strong>re-</strong></span> 
     </span>
     <span class='ocr_line' id='line_1_21' title="bbox 166 2627 1308 2749; baseline 0.003 -22"><span class='ocrx_word' id='word_1_177' title='bbox 166 2659 227 2729; x_wconf 91' lang='lat' dir='ltr'><strong>bus</strong></span> <span class='ocrx_word' id='word_1_178' title='bbox 241 2657 430 2748; x_wconf 89' lang='lat' dir='ltr'><strong>scripserant</strong></span> <span class='ocrx_word' id='word_1_179' title='bbox 440 2677 552 2746; x_wconf 75' lang='lat' dir='ltr'><strong>opera,</strong></span> <span class='ocrx_word' id='word_1_180' title='bbox 570 2676 705 2743; x_wconf 90' lang='lat' dir='ltr'><strong>namque</strong></span> <span class='ocrx_word' id='word_1_181' title='bbox 719 2655 897 2741; x_wconf 83' lang='lat' dir='ltr'><strong>linguarum</strong></span> <span class='ocrx_word' id='word_1_182' title='bbox 920 2627 1069 2725; x_wconf 79' lang='lat' dir='ltr'><strong>studiosis</strong></span> <span class='ocrx_word' id='word_1_183' title='bbox 1093 2671 1209 2727; x_wconf 88' lang='lat' dir='ltr'><strong>rectam</strong></span> <span class='ocrx_word' id='word_1_184' title='bbox 1236 2683 1308 2749; x_wconf 81' lang='lat' dir='ltr'><strong>ape</strong></span> 
     </span>
     <span class='ocr_line' id='line_1_22' title="bbox 137 2771 1309 2859; baseline 0.001 -17"><span class='ocrx_word' id='word_1_185' title='bbox 137 2807 139 2812; x_wconf 96' lang='lat'><em>·</em></span> <span class='ocrx_word' id='word_1_186' title='bbox 166 2771 296 2842; x_wconf 86' lang='lat' dir='ltr'><strong>ruerant</strong></span> <span class='ocrx_word' id='word_1_187' title='bbox 307 2774 388 2841; x_wconf 85' lang='lat' dir='ltr'><strong>riam</strong></span> <span class='ocrx_word' id='word_1_188' title='bbox 402 2818 410 2857; x_wconf 84' lang='lat'><strong>,</strong></span> <span class='ocrx_word' id='word_1_189' title='bbox 425 2792 485 2859; x_wconf 91' lang='lat' dir='ltr'><strong>qua</strong></span> <span class='ocrx_word' id='word_1_190' title='bbox 501 2772 649 2859; x_wconf 89' lang='lat' dir='ltr'><strong>quoniam</strong></span> <span class='ocrx_word' id='word_1_191' title='bbox 662 2781 770 2859; x_wconf 91' lang='lat' dir='ltr'><strong>postca</strong></span> <span class='ocrx_word' id='word_1_192' title='bbox 784 2772 988 2855; x_wconf 86' lang='lat' dir='ltr'><strong>decesserint,</strong></span> <span class='ocrx_word' id='word_1_193' title='bbox 1002 2773 1109 2839; x_wconf 92' lang='lat' dir='ltr'><strong>tandiu</strong></span> <span class='ocrx_word' id='word_1_194' title='bbox 1120 2776 1228 2843; x_wconf 89' lang='lat' dir='ltr'><strong>multis</strong></span> <span class='ocrx_word' id='word_1_195' title='bbox 1240 2796 1309 2843; x_wconf 84' lang='lat' dir='ltr'><strong>mo-</strong></span> 
     </span>
     <span class='ocr_line' id='line_1_23' title="bbox 166 2887 585 2971; baseline -0.012 -13"><span class='ocrx_word' id='word_1_196' title='bbox 166 2891 216 2958; x_wconf 94' lang='lat' dir='ltr'><strong>dis</strong></span> <span class='ocrx_word' id='word_1_197' title='bbox 231 2899 510 2959; x_wconf 80' lang='lat' dir='ltr'><strong>erraverereteres</strong></span> <span class='ocrx_word' id='word_1_198' title='bbox 524 2887 585 2971; x_wconf 86' lang='grc'>(6).</span> 
     </span>
    </p>

    <p class='ocr_par' dir='ltr' id='par_1_4' title="bbox 167 2984 1320 3549">
     <span class='ocr_line' id='line_1_24' title="bbox 211 2984 1309 3094; baseline 0 -20"><span class='ocrx_word' id='word_1_199' title='bbox 211 3000 388 3094; x_wconf 80' lang='lat' dir='ltr'><strong>Antequam</strong></span> <span class='ocrx_word' id='word_1_200' title='bbox 408 3025 475 3091; x_wconf 84' lang='lat' dir='ltr'><strong>quae</strong></span> <span class='ocrx_word' id='word_1_201' title='bbox 493 3001 533 3071; x_wconf 90' lang='lat' dir='ltr'><strong>ad</strong></span> <span class='ocrx_word' id='word_1_202' title='bbox 544 2984 774 3090; x_wconf 81' lang='lat' dir='ltr'><strong>philosophiam</strong></span> <span class='ocrx_word' id='word_1_203' title='bbox 791 2992 950 3089; x_wconf 86' lang='lat' dir='ltr'><strong>specla&#39;nt,</strong></span> <span class='ocrx_word' id='word_1_204' title='bbox 967 3003 1192 3091; x_wconf 89' lang='lat' dir='ltr'><strong>relinquamus,</strong></span> <span class='ocrx_word' id='word_1_205' title='bbox 1208 3008 1309 3074; x_wconf 84' lang='lat' dir='ltr'><strong>obiter</strong></span> 
     </span>
     <span class='ocr_line' id='line_1_25' title="bbox 167 3116 1306 3206; baseline -0.001 -18"><span class='ocrx_word' id='word_1_206' title='bbox 167 3119 323 3206; x_wconf 81' lang='lat' dir='ltr'><strong>attingere</strong></span> <span class='ocrx_word' id='word_1_207' title='bbox 347 3137 476 3185; x_wconf 89' lang='lat' dir='ltr'><strong>necesse</strong></span> <span class='ocrx_word' id='word_1_208' title='bbox 499 3127 548 3184; x_wconf 88' lang='lat' dir='ltr'><strong>est</strong></span> <span class='ocrx_word' id='word_1_209' title='bbox 571 3116 667 3201; x_wconf 91' lang='lat' dir='ltr'><strong>quod,</strong></span> <span class='ocrx_word' id='word_1_210' title='bbox 691 3116 796 3182; x_wconf 89' lang='lat' dir='ltr'><strong>nescio</strong></span> <span class='ocrx_word' id='word_1_211' title='bbox 822 3137 882 3202; x_wconf 92' lang='lat' dir='ltr'><strong>qua</strong></span> <span class='ocrx_word' id='word_1_212' title='bbox 922 3117 1018 3184; x_wconf 81' lang='lat' dir='ltr'><strong>fretus</strong></span> <span class='ocrx_word' id='word_1_213' title='bbox 1041 3121 1246 3204; x_wconf 90' lang='lat' dir='ltr'><strong>auctoritate,</strong></span> <span class='ocrx_word' id='word_1_214' title='bbox 1275 3122 1306 3187; x_wconf 91' lang='lat' dir='ltr'><strong>in</strong></span> 
     </span>
     <span class='ocr_line' id='line_1_26' title="bbox 170 3218 1320 3321; baseline -0.001 -20"><span class='ocrx_word' id='word_1_215' title='bbox 170 3231 316 3301; x_wconf 72' lang='lat' dir='ltr'><strong>Thccetctr&#39;</strong></span> <span class='ocrx_word' id='word_1_216' title='bbox 330 3218 474 3315; x_wconf 70' lang='lat' dir='ltr'><strong>Epitomc</strong></span> <span class='ocrx_word' id='word_1_217' title='bbox 496 3222 651 3296; x_wconf 86' lang='lat' dir='ltr'><strong>Marsilills</strong></span> <span class='ocrx_word' id='word_1_218' title='bbox 672 3228 800 3296; x_wconf 86' lang='lat' dir='ltr'><strong>Ficinus</strong></span> <span class='ocrx_word' id='word_1_219' title='bbox 825 3228 915 3313; x_wconf 82' lang='lat' dir='ltr'><strong>dixit,</strong></span> <span class='ocrx_word' id='word_1_220' title='bbox 944 3232 1126 3314; x_wconf 86' lang='lat' dir='ltr'><strong>asseruisse,</strong></span> <span class='ocrx_word' id='word_1_221' title='bbox 1151 3233 1320 3321; x_wconf 58' lang='lat' dir='ltr'><strong>Leucippo*</strong></span> 
     </span>
     <span class='ocr_line' id='line_1_27' title="bbox 168 3343 1307 3431; baseline -0.002 -15"><span class='ocrx_word' id='word_1_222' title='bbox 168 3346 308 3430; x_wconf 87' lang='lat' dir='ltr'><strong>auctore,</strong></span> <span class='ocrx_word' id='word_1_223' title='bbox 334 3344 513 3427; x_wconf 90' lang='lat' dir='ltr'><strong>Prodicum,</strong></span> <span class='ocrx_word' id='word_1_224' title='bbox 543 3343 740 3409; x_wconf 86' lang='lat' dir='ltr'><strong>«elementa</strong></span> <span class='ocrx_word' id='word_1_225' title='bbox 772 3363 898 3426; x_wconf 88' lang='lat' dir='ltr'><strong>rerum,</strong></span> <span class='ocrx_word' id='word_1_226' title='bbox 937 3344 1007 3430; x_wconf 87' lang='lat' dir='ltr'><strong>quia</strong></span> <span class='ocrx_word' id='word_1_227' title='bbox 1037 3344 1190 3431; x_wconf 89' lang='lat' dir='ltr'><strong>simplicia</strong></span> <span class='ocrx_word' id='word_1_228' title='bbox 1217 3359 1307 3429; x_wconf 90' lang='lat' dir='ltr'><strong>sunt,</strong></span> 
     </span>
     <span class='ocr_line' id='line_1_28' title="bbox 168 3456 1310 3549; baseline -0.001 -21"><span class='ocrx_word' id='word_1_229' title='bbox 168 3470 395 3549; x_wconf 89' lang='lat' dir='ltr'><strong>proptereaque</strong></span> <span class='ocrx_word' id='word_1_230' title='bbox 409 3457 477 3523; x_wconf 89' lang='lat' dir='ltr'><strong>sine</strong></span> <span class='ocrx_word' id='word_1_231' title='bbox 495 3456 636 3539; x_wconf 88' lang='lat' dir='ltr'><strong>ratione,</strong></span> <span class='ocrx_word' id='word_1_232' title='bbox 662 3456 768 3542; x_wconf 84' lang='lat' dir='ltr'><strong>ignota</strong></span> <span class='ocrx_word' id='word_1_233' title='bbox 784 3476 864 3523; x_wconf 90' lang='lat' dir='ltr'><strong>esse.</strong></span> <span class='ocrx_word' id='word_1_234' title='bbox 886 3482 901 3516; x_wconf 78' lang='lat' dir='ltr'><strong>r</strong></span> <span class='ocrx_word' id='word_1_235' title='bbox 925 3457 960 3522; x_wconf 86' lang='lat' dir='ltr'><strong>ln</strong></span> <span class='ocrx_word' id='word_1_236' title='bbox 977 3477 1011 3522; x_wconf 85' lang='lat' dir='ltr'><strong>ca</strong></span> <span class='ocrx_word' id='word_1_237' title='bbox 1032 3459 1138 3526; x_wconf 86' lang='lat' dir='ltr'><strong>neseio</strong></span> <span class='ocrx_word' id='word_1_238' title='bbox 1161 3480 1201 3526; x_wconf 95' lang='lat' dir='ltr'><strong>an</strong></span> <span class='ocrx_word' id='word_1_239' title='bbox 1218 3461 1310 3527; x_wconf 86' lang='lat' dir='ltr'><strong>luerit</strong></span> 
     </span>
    </p>
   </div>
   <div class='ocr_carea' id='block_1_2' title="bbox 169 3735 1308 4406">
    <p class='ocr_par' dir='ltr' id='par_1_5' title="bbox 210 3735 1074 3819">
     <span class='ocr_line' id='line_1_29' title="bbox 210 3735 1074 3819; baseline -0.005 -12"><span class='ocrx_word' id='word_1_240' title='bbox 210 3751 243 3819; x_wconf 88' lang='grc'><strong>(1)</strong></span> <span class='ocrx_word' id='word_1_241' title='bbox 265 3754 293 3807; x_wconf 87' lang='lat' dir='ltr'><strong>P.</strong></span> <span class='ocrx_word' id='word_1_242' title='bbox 307 3753 398 3813; x_wconf 79' lang='lat' dir='ltr'><strong>tanet,</strong></span> <span class='ocrx_word' id='word_1_243' title='bbox 413 3748 495 3804; x_wconf 81' lang='lat' dir='ltr'><strong>Essoi</strong></span> <span class='ocrx_word' id='word_1_244' title='bbox 505 3763 557 3802; x_wconf 83' lang='lat' dir='ltr'><strong>sur</strong></span> <span class='ocrx_word' id='word_1_245' title='bbox 572 3749 600 3802; x_wconf 83' lang='lat' dir='ltr'><strong>to</strong></span> <span class='ocrx_word' id='word_1_246' title='bbox 614 3735 843 3817; x_wconf 74' lang='lat' dir='ltr'><strong>Dialectiquede</strong></span> <span class='ocrx_word' id='word_1_247' title='bbox 853 3746 974 3811; x_wconf 81' lang='lat' dir='ltr'><strong>Platon.</strong></span> <span class='ocrx_word' id='word_1_248' title='bbox 991 3763 1015 3817; x_wconf 92' lang='lat' dir='ltr'><strong>p.</strong></span> <span class='ocrx_word' id='word_1_249' title='bbox 1031 3749 1074 3804; x_wconf 72' lang='lat'><strong>29.</strong></span> 
     </span>
    </p>

    <p class='ocr_par' dir='ltr' id='par_1_6' title="bbox 205 3845 590 3917">
     <span class='ocr_line' id='line_1_30' title="bbox 205 3845 590 3917; baseline -0.01 -15"><span class='ocrx_word' id='word_1_250' title='bbox 205 3849 244 3917; x_wconf 78' lang='lat'><strong>(2)</strong></span> <span class='ocrx_word' id='word_1_251' title='bbox 267 3845 423 3904; x_wconf 70' lang='lat' dir='ltr'><strong>Memorat.</strong></span> <span class='ocrx_word' id='word_1_252' title='bbox 443 3847 491 3911; x_wconf 87' lang='lat' dir='ltr'><strong>IV,</strong></span> <span class='ocrx_word' id='word_1_253' title='bbox 506 3859 549 3907; x_wconf 83' lang='lat' dir='ltr'><strong>vt,</strong></span> <span class='ocrx_word' id='word_1_254' title='bbox 565 3846 590 3899; x_wconf 71' lang='lat'><strong>2.</strong></span> 
     </span>
    </p>

    <p class='ocr_par' dir='ltr' id='par_1_7' title="bbox 209 3941 507 4017">
     <span class='ocr_line' id='line_1_31' title="bbox 209 3941 507 4017; baseline -0.013 -15"><span class='ocrx_word' id='word_1_255' title='bbox 209 3945 244 4017; x_wconf 77' lang='lat'><strong>(3)</strong></span> <span class='ocrx_word' id='word_1_256' title='bbox 265 3944 378 4015; x_wconf 78' lang='lat' dir='ltr'><strong>Cratpl.</strong></span> <span class='ocrx_word' id='word_1_257' title='bbox 394 3941 461 4006; x_wconf 70' lang='lat'><strong>280.</strong></span> <span class='ocrx_word' id='word_1_258' title='bbox 477 3946 507 3999; x_wconf 79' lang='lat' dir='ltr'><strong>t.</strong></span> 
     </span>
    </p>

    <p class='ocr_par' dir='ltr' id='par_1_8' title="bbox 208 4037 577 4114">
     <span class='ocr_line' id='line_1_32' title="bbox 208 4037 577 4114; baseline -0.019 -12"><span class='ocrx_word' id='word_1_259' title='bbox 208 4044 243 4114; x_wconf 86' lang='lat' dir='ltr'><strong>(lt)</strong></span> <span class='ocrx_word' id='word_1_260' title='bbox 266 4048 418 4111; x_wconf 79' lang='lat' dir='ltr'><strong>Protaqor.</strong></span> <span class='ocrx_word' id='word_1_261' title='bbox 432 4037 498 4105; x_wconf 76' lang='lat' dir='ltr'><strong>tot.</strong></span> <span class='ocrx_word' id='word_1_262' title='bbox 512 4042 577 4097; x_wconf 60' lang='grc' dir='ltr'><strong>ΩΙ).</strong></span> 
     </span>
    </p>

    <p class='ocr_par' dir='ltr' id='par_1_9' title="bbox 169 4138 1308 4298">
     <span class='ocr_line' id='line_1_33' title="bbox 206 4138 1308 4214; baseline 0.003 -17"><span class='ocrx_word' id='word_1_263' title='bbox 206 4141 242 4211; x_wconf 81' lang='grc'><strong>(5)</strong></span> <span class='ocrx_word' id='word_1_264' title='bbox 262 4144 295 4198; x_wconf 85' lang='grc' dir='ltr'><strong>Η.</strong></span> <span class='ocrx_word' id='word_1_265' title='bbox 311 4141 407 4200; x_wconf 72' lang='lat' dir='ltr'><strong>[litter.</strong></span> <span class='ocrx_word' id='word_1_266' title='bbox 424 4138 552 4194; x_wconf 78' lang='lat' dir='ltr'><strong>Histoire</strong></span> <span class='ocrx_word' id='word_1_267' title='bbox 567 4139 601 4192; x_wconf 83' lang='lat' dir='ltr'><strong>de</strong></span> <span class='ocrx_word' id='word_1_268' title='bbox 620 4141 650 4193; x_wconf 87' lang='lat' dir='ltr'><strong>la</strong></span> <span class='ocrx_word' id='word_1_269' title='bbox 662 4138 852 4208; x_wconf 60' lang='lat' dir='ltr'><strong>Philosophia</strong></span> <span class='ocrx_word' id='word_1_270' title='bbox 872 4141 938 4196; x_wconf 85' lang='lat' dir='ltr'><strong>trad.</strong></span> <span class='ocrx_word' id='word_1_271' title='bbox 954 4141 988 4198; x_wconf 84' lang='lat' dir='ltr'><strong>de</strong></span> <span class='ocrx_word' id='word_1_272' title='bbox 1003 4146 1038 4200; x_wconf 82' lang='lat' dir='ltr'><strong>u.</strong></span> <span class='ocrx_word' id='word_1_273' title='bbox 1060 4144 1162 4211; x_wconf 79' lang='lat' dir='ltr'><strong>Tittot,</strong></span> <span class='ocrx_word' id='word_1_274' title='bbox 1183 4152 1202 4199; x_wconf 73' lang='lat' dir='ltr'><strong>t.</strong></span> <span class='ocrx_word' id='word_1_275' title='bbox 1225 4147 1235 4198; x_wconf 91' lang='lat'><em>1</em></span> <span class='ocrx_word' id='word_1_276' title='bbox 1250 4186 1256 4208; x_wconf 87' lang='lat'><strong>,</strong></span> <span class='ocrx_word' id='word_1_277' title='bbox 1282 4154 1308 4214; x_wconf 71' lang='lat' dir='ltr'><strong>p.</strong></span> 
     </span>
     <span class='ocr_line' id='line_1_34' title="bbox 169 4238 233 4298; baseline -0.031 0"><span class='ocrx_word' id='word_1_278' title='bbox 169 4238 233 4298; x_wconf 82' lang='lat' dir='ltr'><strong>too.</strong></span> 
     </span>
    </p>

    <p class='ocr_par' dir='ltr' id='par_1_10' title="bbox 214 4334 706 4406">
     <span class='ocr_line' id='line_1_35' title="bbox 214 4334 706 4406; baseline -0.006 -12"><span class='ocrx_word' id='word_1_279' title='bbox 214 4337 247 4406; x_wconf 92' lang='grc'><strong>(6)</strong></span> <span class='ocrx_word' id='word_1_280' title='bbox 267 4337 322 4393; x_wconf 87' lang='lat' dir='ltr'><strong>Vid.</strong></span> <span class='ocrx_word' id='word_1_281' title='bbox 338 4336 467 4406; x_wconf 75' lang='lat' dir='ltr'><strong>Spengel,</strong></span> <span class='ocrx_word' id='word_1_282' title='bbox 487 4339 548 4391; x_wconf 82' lang='lat' dir='ltr'><strong>Art.</strong></span> <span class='ocrx_word' id='word_1_283' title='bbox 563 4334 706 4404; x_wconf 65' lang='lat' dir='ltr'><strong>Scriptura</strong></span> 
     </span>
    </p>
   </div>
   <div class='ocr_carea' id='block_1_3' title="bbox 0 0 1493 4746">
    <p class='ocr_par' dir='ltr' id='par_1_11' title="bbox 0 0 1493 4746">
     <span class='ocr_line' id='line_1_36' title="bbox 0 0 1493 4746; baseline 0 0"><span class='ocrx_word' id='word_1_284' title='bbox 0 0 1493 4746; x_wconf 95' lang='lat' dir='ltr'><strong> </strong></span> 
     </span>
    </p>
   </div>
  </div>
 </body>
</html>
