2946 4746
614 276 773 339 ⁴⁸33*

123 427 155 484 ut
171 415 326 504 feceruut,
345 432 453 501 rogare
470 413 652 501 preciperet
676 414 726 500 (l).
744 412 885 500 Denique
900 466 914 491 ,.
935 414 1046 481 eodem
1074 405 1268 499 Quintiliano

123 543 248 598 auctore
265 529 304 617 (ἓ)
316 582 324 612 ,
338 527 488 594 Prodicus
503 526 585 592 inter
599 524 718 613 primos
732 524 785 611 qui
799 545 984 594 communes
994 529 1079 596 locos
1095 532 1268 604 tractarius,

116 644 220 711 inisse
232 642 364 726 dicitur3
384 661 421 707 ex
437 659 500 726 quo
516 637 667 705 declarari
680 657 753 704 eum
771 637 918 706 hrevihus
933 640 1170 711 delinitionibus
1191 660 1270 731 prae-⁴

124 757 298 844 ceptisque,
312 755 393 824 sicu
404 764 511 840 postea
528 752 629 819 iecere
643 753 855 840 Aphthoniuss
868 754 1035 837 Lihanius,
1049 757 1171 838 Theon,
1185 770 1271 826 eete-

127 874 213 959 rique
221 869 345 938 dicendi
356 868 510 955 magistri,
524 867 724 951 narrationis,
738 868 845 952 chria,
855 870 1052 938 refutationis
1063 884 1094 939 et
1105 875 1272 953 confirmaf

51 1025 53 1030 ·
127 985 221 1053 tionis
237 982 380 1071 exempla
391 1035 400 1065 ‚
413 1000 481 1068 quae
495 990 711 1064 appopitepura
724 992 853 1065 uocant,
872 981 1043 1068 subjecisse
1054 985 1199 1053 arbitror.
1212 987 1269 1063 Cui

126 1098 310 1185 conjecturae
326 1095 436 1162 annuit
455 1094 640 1161 Aristoteles
656 1093 688 1158 in
704 1093 840 1179 quodam
852 1096 1098 1178 Sophistt'corum
1119 1103 1272 1168 Elencho-

125 1233 197 1279 rum
212 1211 280 1278 loco
295 1209 347 1296 (3),
360 1208 413 1275 uhi
424 1207 500 1274 dicit
510 1207 681 1274 rhetoricas
693 1207 783 1291 alios,
795 1207 872 1274 alios
882 1228 955 1274 vero
965 1208 1003 1274 ad
1013 1209 1271 1298 interrogandum

127 1334 321 1417 comparatas
329 1321 486 1388 orationes
502 1319 667 1387 tradidisse
677 1320 840 1405 discipulis
854 1321 1049 1407 ediscendas,
1062 1324 1094 1389 in
1110 1328 1273 1412 quasutri-
1299 1383 1302 1389 .

128 1459 188 1525 que
204 1437 355 1526 putabant
365 1445 492 1501 mutuos
506 1453 669 1501 sermones
681 1454 762 1520 sepe
773 1454 904 1501 numero
917 1435 1065 1503 incidere.
1084 1438 1129 1504 lia
1142 1441 1271 1526 quidem

127 1553 233 1620 omnia
251 1547 346 1617 fidem
361 1548 479 1615 iaciunt
499 1547 639 1635 opinioni
658 1547 696 1613 V.
714 1547 848 1615 Doctiss
873 1547 1000 1634 Eggeri,
1024 1549 1107 1617 inter
1130 1556 1272 1621 oratorian

127 1666 202 1732 artis
215 1665 395 1731 inventores
404 1661 571 1728 Prodicum
587 1660 780 1728 recensentis
791 1661 842 1746 (il.
852 1660 922 1728 Non
934 1662 1029 1729 modo
1043 1675 1148 1732 autem
1165 1667 1273 1735 ruere

127 1783 224 1850 rieam
239 1780 382 1850 docuisse
398 1790 431 1846 et
449 1778 573 1865 scriptis
584 1788 616 1844 et
630 1789 684 1844 ore
697 1777 864 1844 Prodicum
880 1788 1025 1863 constat,
1045 1780 1146 1847 sedet
1168 1782 1272 1869 ipsum

128 1898 288 1985 egregium
308 1907 476 1969 oratorem,
499 1892 684 1980 eloquentius
699 1893 799 1961 civilis
819 1894 954 1961 sorensis
968 1895 1059 1962 laude
1076 1898 1270 1983 praestitisse.

127 2011 252 2078 Etenim
266 2029 360 2096 supra
374 2007 619 2074 memoravimus
628 2027 666 2073 ex
676 2006 806 2074 Platone
821 2018 854 2073 et
867 2007 1056 2076 Philostrato
1071 2011 1271 2096 quambene,

127 2127 201 2193 licet
216 2125 343 2191 dissona
353 2142 426 2188 voce
442 2132 593 2204 uteretur,
609 2120 868 2204 Atheniensibus,
885 2121 1075 2190 acutissimis
1086 2125 1272 2212 eloquentiae¹

124 2236 295 2325 judicibus,
312 2246 457 2323 acceptus
483 2235 587 2302 luerit.
612 2234 674 2302 Sed
689 2234 767 2300 nihil
783 2255 911 2321 prorsus
925 2236 1045 2324 exejus
1059 2237 1097 2303 ad
1113 2252 1271 2325 senatum,

124 2355 285 2442 judicesre
298 2351 493 2421 orationihus
508 2361 660 2438 superest.
1223 2412 1227 2418 ,

172 2464 247 2546 Quae
261 2463 299 2530 ad
314 2463 480 2529 hominum
493 2478 609 2544 maresc
627 2472 787 2548 totamque
802 2462 925 2529 vivendi
935 2464 1087 2531 rationem
1100 2443 1272 2554 pertinent,

128 2589 160 2645 et
173 2578 330 2660 docuisse,
351 2576 449 2644 secuti
462 2590 555 2663 supra
574 2575 874 2652 demonstravimus,
891 2587 923 2642 et
936 2578 1059 2664 scriptis
1074 2579 1117 2646 ita
1130 2601 1275 2669 compre*

128 2692 277 2760 hendisse
291 2692 449 2759 credimus
463 2702 498 2758 ut
513 2691 631 2759 Socrati
646 2691 837 2777 placuerint,
853 2702 886 2758 et
894 2691 927 2757 in
939 2695 1104 2760 Menouem
1120 2716 1211 2781 parce
1222 2696 1274 2765 de

129 2785 215 2873 torta
236 2805 412 2890 manarint3
440 2816 532 2892 atque
558 2805 653 2872 etiam
679 2805 812 2871 affirmat
839 2805 996 2872 Marsilius
1021 2807 1149 2875 Ficinus
1177 2830 1272 2878 unam

128 2942 236 2990 earum
251 2922 290 2989 de
303 2921 417 3008 quihus
429 2921 617 3009 disputatur,
627 2921 751 2989 virtutis
762 2920 991 3005 definitionem,
1008 2924 1158 2992 eProdiei
1172 2926 1271 3013 scrip-⁸

167 3187 205 3256 (tr
226 3186 335 3254 outnur.
350 3201 388 3252 ιν,
403 3174 485 3251 urs

168 3282 204 3358 rt)
223 3284 262 3342 ru.
276 3271 325 3350 lu,
341 3301 368 3352 1,
383 3281 428 3344 12.

167 3385 209 3454 (il
224 3386 253 3440 G.
266 3398 353 3440 muru
368 3384 416 3440 Hic
428 3391 494 3454 eruo
515 3395 570 3440 non
582 3385 622 3454 agi
636 3364 722 3455 potest
740 3384 773 3440 de
789 3381 838 3439 illis
851 3383 915 3440 locis
928 3387 996 3455 quos
1013 3383 1176 3450 Aristoteles.
1193 3397 1220 3442 ut
1232 3381 1272 3446 toa

126 3483 216 3556 quitur
228 3483 333 3547 cicero,
346 3482 422 3553 quasi
431 3491 646 3552 argumentorum
664 3491 741 3539 notas
753 3490 798 3538 aut
811 3481 890 3539 sedes
903 3491 930 3539 et
943 3482 1074 3539 domicilia
1085 3485 1202 3550 tradidit.
1225 3489 1272 3544 sed

127 3582 163 3638 cte
174 3582 217 3637 tris
227 3597 328 3637 rerum
340 3580 501 3636 illustrium
512 3578 768 3650 disputationibus,
782 3580 874 3651 quales
886 3579 998 3649 scriptas
1012 3580 1093 3637 inisse
1107 3591 1134 3638 et
1143 3586 1274 3652 paratasir

126 3683 271 3750 Protagora
280 3679 350 3735 idem
360 3679 454 3736 cicero
468 3678 631 3744 memorarit:
647 3679 672 3734 in
687 3678 736 3734 hae
745 3692 775 3735 re
781 3676 859 3749 igitur
867 3678 995 3743 hordino,
1004 3679 1049 3748 uui
1062 3688 1114 3735 tam
1125 3681 1204 3736 multa
1216 3682 1277 3740 dili·
1316 3656 1320 3669 ⁸

125 3785 219 3848 genter
224 3777 258 3832 de
264 3777 377 3833 Prodico
383 3776 644 3847 cogitaritetsrripsit
653 3776 796 3845 (hrudim.
806 3776 854 3832 cles
864 3781 876 3832 l
880 3777 1000 3846 ascript.
1011 3787 1040 3833 et
1050 3779 1273 3849 Pelles-hernes,-

125 3876 295 3941 minuitas,
314 3875 396 3940 inti,
411 3879 444 3931 Τ.
456 3878 545 3943 xxxvi)
568 3876 677 3931 muttum
695 3874 808 3938 errarit,
828 3888 909 3944 quom
927 3873 1023 3944 prioris
1034 3875 1140 3944 generis
1153 3878 1273 3938 tororum

125 3983 206 4031 totam
219 3973 348 4030 rationem
362 3982 495 4043 repertam
520 3974 727 4044 instructamque
746 3972 825 4029 luisse
844 3987 859 4028 a
883 3973 980 4029 nostris
996 3974 1131 4031 veteribus
1148 3978 1274 4046 sophistis

126 4071 248 4142 opinatus
261 4071 303 4135 sit,
316 4082 480 4142 repugnante
494 4072 629 4130 Ciceronis
642 4071 802 4136 testimonio,
811 4074 886 4128 tune
898 4071 1085 4141 disciplinam
1094 4072 1273 4133 inveniendo·

125 4187 193 4226 rum
206 4179 445 4241 aruumeutorum
458 4171 605 4228 iuventam
619 4171 655 4227 uh
664 4172 817 4228 Aristotele
828 4170 948 4228 dicentis.
964 4171 1125 4241 (Tetrici.)

167 4271 200 4339 (lt)
223 4269 350 4327 Histoire
359 4269 395 4325 oie
404 4271 434 4324 lu
446 4269 575 4343 critique
585 4274 653 4325 chez
666 4271 706 4324 les
720 4273 816 4334 Grecs,
831 4283 857 4340 p.
873 4269 918 4327 712

1158 4278 1398 4404 s'.
