2946 4746
646 352 685 363 ..
707 326 745 381 ro
766 328 805 364 .-

620 531 834 612 loannem.

423 763 470 848 Dc
483 783 628 847 Herculis
641 784 780 847 Prodicii
793 786 1031 850 imitationibus.

203 980 238 1064 ‘st
261 994 411 1061 Prodicus
434 1005 543 1078 totam,
566 1007 601 1062 ut
624 996 757 1079 vitietur,
776 996 920 1064 Herculis
941 998 1037 1065 vitam
1061 992 1302 1085 continuaverit,

158 1096 219 1181 suli
240 1112 308 1201 ojus
333 1131 463 1198 persona
491 1113 664 1178 humanum
688 1112 829 1179 animum
852 1113 1016 1199 effingens,
1043 1115 1096 1201 qui
1122 1116 1259 1196 primum
1285 1141 1303 1185 a

158 1235 270 1292 natura
290 1224 425 1310 optimas
448 1224 562 1292 haheat
579 1225 686 1310 dotes,
707 1224 834 1304 deinde,
861 1245 958 1312 quum
981 1227 1010 1293 ei
1034 1229 1235 1297 statuendum
1256 1242 1304 1298 est

158 1337 243 1424 quod
266 1337 390 1404 vivendi
414 1357 514 1423 genus
529 1337 636 1424 eligat,
659 1337 792 1421 dubitet,
810 1339 974 1425 studiaque
997 1340 1154 1427 paulisper
1176 1341 1208 1408 in
1228 1363 1304 1410 con-

159 1449 255 1517 traria
276 1448 484 1536 distrahatur3
508 1449 563 1517 sed
584 1470 670 1533 mox,
691 1450 805 1536 spretis
825 1451 1017 1538 voluptatum
1041 1452 1209 1538 illecebris,
1233 1462 1304 1523 sese
1360 1447 1368 1460 ’

163 1545 270 1654 virtuti
286 1563 432 1650 applicet,
454 1573 496 1634 et,
519 1573 696 1650 postquam,
721 1583 758 1630 ea
781 1563 873 1646 duce,
894 1564 994 1631 multa
1015 1565 1139 1652 egregie
1158 1568 1303 1652 gesserit,
1323 1553 1328 1564 ⁴

126 1742 129 1748 ,
160 1676 199 1744 ad
215 1677 332 1746 coelum
347 1675 494 1762 denique,
512 1675 658 1752 eumdem
673 1695 765 1742 suurn
781 1685 813 1742 et
828 1676 947 1742 iontem
963 1687 994 1743 et
1006 1677 1115 1761 finem,
1131 1679 1303 1765 perveniat,

160 1811 254 1858 scena
269 1791 321 1856 illa
335 1790 468 1856 duarum
483 1789 650 1856 mulierum
666 1788 705 1856 de
720 1809 818 1875 regno
832 1789 1032 1873 certantium,
1048 1812 1128 1877 quae,
1149 1802 1184 1859 ut
1202 1792 1306 1880 loqui*

154 1889 212 1973 ‘tur
239 1905 342 1987 Philo,
371 1905 404 1970 in
432 1904 545 1971 eodem
573 1904 669 1970 animi
689 1903 895 1971 contubernio
914 1905 1075 1989 habitant,
1098 1908 1253 1995 praecipue
1272 1910 1305 1976 in

163 2010 198 2086 se
228 2018 372 2085 omniurn
396 2038 520 2104 semper
545 2017 698 2084 convertit
720 2018 838 2085 oeulos.
871 2017 906 2085 ld
933 2019 1018 2085 enim
1043 2021 1170 2088 maximi
1199 2035 1306 2091 nostra

161 2131 340 2214 hominum,
356 2141 462 2197 utrum
477 2130 614 2216 primum
628 2130 807 2210 vicerimus,
824 2150 864 2196 an
880 2130 952 2197 vieti
966 2130 1130 2217 fuerimus,
1153 2133 1304 2223 interest,

160 2243 1307 2334 namqueindejampraefinilurtotusvivendior'do.ltaqucpluresquam

149 2359 212 2427 ,bis
233 2360 318 2426 mille
338 2368 412 2426 sunt
425 2357 500 2424 anni
513 2376 551 2423 ex
566 2377 627 2442 quo
641 2356 673 2421 in
687 2377 741 2423 ore
757 2357 898 2424 omnium
911 2370 1052 2425 versatur
1080 2359 1133 2426 illa
1162 2361 1308 2431 Herculis

160 2471 296 2539 Prodicii
310 2470 427 2550 fabula,
452 2480 483 2536 et
500 2488 660 2555 nunquam
675 2469 801 2536 deluere
816 2469 869 2555 qui
885 2467 955 2536 eam
977 2481 1031 2538 aut
1053 2471 1228 2557 laudarent,
1253 2487 1307 2543 aut

161 2584 370 2651 imitarentur.
403 2582 489 2663 Quos
512 2602 609 2668 quum
634 2602 745 2649 omnes
770 2602 864 2649 nemo
893 2583 994 2650 adhuc
1021 2587 1212 2654 recensuerit
1243 2589 1305 2674 (l),

162 2700 296 2786 pretium
313 2719 414 2786 operae
429 2709 477 2764 est
491 2718 585 2784 quam
599 2698 921 2789 pancissimissaltem
937 2718 1135 2782 enumerare,
1152 2702 1309 2788 siqnidem·

162 2813 247 2879 nulla
267 2811 402 2879 auctoris
423 2811 491 2877 laus
506 2822 555 2877 est
573 2810 779 2898 praestabilior
791 2832 884 2897 quam
906 2810 994 2898 cujus
1015 2833 1121 2898 opera,
1141 2814 1308 2882 hominum

112 2927 119 2937 ’
162 2926 272 3012 generi
287 2926 382 2992 veluti
400 2944 455 2991 sua
468 2925 653 3010 probantur.

205 3040 252 3106 De
265 3041 325 3107 hae
339 3060 372 3106 re
384 3039 450 3127 jam
464 3050 555 3105 antea
570 3038 721 3104 nonnulla
734 3017 990 3123 memoravimus,
1006 3042 1037 3106 et
1051 3040 1307 3128 Aristophanem,

162 3151 229 3238 ipsa
253 3152 377 3220 Prodici
395 3161 499 3234 aetate,
523 3151 571 3217 bis
591 3150 659 3240 ejus
678 3149 808 3236 vestigia
832 3160 974 3218 secutum
1000 3173 1087 3236 csse,
1115 3154 1252 3241 primum
1274 3155 1308 3221 in

161 3269 313 3343 Nubibus,
335 3265 389 3333 ubi
403 3282 498 3340 Δίκαιος
515 3281 606 3352 napae,
623 3264 675 3350 qui
697 3267 825 3348 pulcros
852 3275 930 3330 tenet
954 3286 1038 3332 orces
1059 3270 1219 3350 supientiae
1244 3269 1312 3356 (2),·

152 3392 194 3447 -et
214 3378 313 3454 Ἀδικος
329 3393 422 3466 Λόγος,
445 3379 498 3464 qui
512 3383 696 3445 concionum
714 3399 837 3445 musam
851 3377 946 3444 habet
965 3378 1025 3465 (3),
1044 3379 1236 3465 iisdemlere
1251 3383 1308 3451 de·

163 3504 286 3561 certant
303 3492 498 3579 argumentis
516 3491 630 3578 quibus
651 3493 732 3579 apud
749 3492 992 3579 Xenophontem
1015 3493 1121 3561 Virtus
1141 3507 1172 3562 et
1194 3498 1315 3585 Volup·

201 3707 234 3775 ll)
257 3707 312 3762 Vid.
329 3705 406 3760 llicit.
423 3706 522 3761 Neand.
535 3707 565 3759 in
577 3709 671 3772 opere
682 3715 785 3769 nureo:
797 3708 869 3761 -G.
882 3707 914 3762 A.
927 3707 1049 3767 (lubens,
1060 3706 1084 3761 in
1097 3710 1181 3765 Herc.
1192 3710 1310 3766 Proclic:

162 3819 189 3873 p.
206 3803 389 3869 11·lt;-V.
402 3804 440 3860 cl.
458 3807 482 3859 l.
500 3805 528 3858 V.
544 3802 734 3872 Lectore3qui,
748 3811 888 3874 postquam
899 3803 925 3859 in
942 3803 1010 3860 notis
1028 3803 1061 3858 ad
1078 3805 1162 3861 Cicer.
1188 3806 1311 3875 Epistol:

161 3903 220 3960 libr.
229 3903 260 3964 V.
272 3900 495 3970 nonrrullasquum
503 3909 649 3964 veternum,
659 3909 711 3956 turn
721 3900 896 3957 recentiorum
905 3902 1025 3957 Herculis
1031 3902 1215 3972 Xenophontei
1224 3903 1309 3961 imita-

162 3999 247 4054 tiones
261 3996 359 4060 retulit.
376 3997 401 4052 in
414 3998 519 4066 optimis
531 3999 574 4054 orl.
587 4001 607 4054 l.
623 4002 663 4054 De
676 3998 756 4070 offic.
772 3997 833 4054 libr.
846 3998 1041 4054 commentariis
1057 4000 1162 4068 egregie
1176 3999 1314 4071 egregiam*

122 4133 128 4146 „
162 4097 188 4151 in
201 4109 351 4152 sermonem
363 4094 483 4164 gallicum
497 4095 609 4152 lunulam
623 4096 763 4151 transtulit.

203 4195 238 4260 (2)
261 4193 290 4248 l'.
307 4191 386 4250 teat.

202 4289 240 4358 (3)
258 4289 325 4345 llritl.
344 4291 371 4344 ll.
389 4288 553 4345 toan-tout.
