2946 4746
576 316 779 373 ...54...

119 447 201 534 apud
225 446 403 512 Lucretium
427 463 464 510 ex
488 440 621 529 Epicuro
642 441 821 523 Prodicum,
849 452 881 508 ut
909 462 1007 528 saepe,
1035 439 1190 526 imitante,
1217 440 1264 509 le-

122 561 205 647 gitur
225 580 231 618 :
395 560 397 565 “
1324 556 1328 565 “

267 652 333 703 Tum
346 661 429 716 genus
443 647 582 701 humanum
597 644 708 713 primum
729 644 883 699 mollescere
896 645 995 713 eoepit:

192 779 195 785 -
265 745 343 814 lpnis
356 745 432 798 enim
444 741 559 799 curavit
574 749 606 796 ut
623 742 697 796 elsio
715 722 841 809 corpora
853 741 948 812 tripos

264 846 325 898 lllon
339 842 382 896 ito
391 841 457 910 jum
469 847 584 908 possent
597 839 660 892 caetr'
672 837 724 892 suh
740 839 863 906 tepmine
875 839 954 909 serre
971 839 1015 904 il).

123 979 153 1031 ot
168 966 248 1031 inlra
263 965 322 1051 (⁶2J:

195 1128 199 1135 ·
267 1103 331 1159 lnde
344 1102 432 1158 cihnm
443 1115 560 1172 coquere
574 1115 605 1155 cc
618 1101 727 1156 llammae
739 1101 840 1156 mollire
850 1115 950 1163 vapore

265 1202 310 1256 Sol
324 1201 429 1262 docuit.
445 1201 569 1269 quonlam
583 1199 720 1254 mitescere
734 1198 813 1253 nrultn
828 1198 950 1254 videbant

267 1297 426 1354 Verberibus
439 1296 573 1352 radiorum
584 1336 591 1359 ‚
605 1304 655 1351 etc.

165 1426 210 1488 lle
222 1424 350 1489 Notnro
362 1431 467 1486 autem
481 1423 614 1484 hominis
629 1418 795 1486 Prodicum
811 1420 972 1507 scripsisse
996 1422 1095 1508 magis
1117 1433 1239 1490 constat
1253 1453 1260 1508 3
1373 1507 1374 1511 Ἰ

122 1533 236 1620 quippe
251 1532 340 1618 cujus
353 1532 458 1620 operis
474 1552 491 1597 a
506 1531 624 1598 Galeno
643 1530 726 1596 haud
748 1531 846 1597 semel
865 1532 985 1599 mentio
1000 1533 1079 1599 lacta
1102 1544 1162 1617 est,
1180 1533 1266 1601 nullo
1378 1602 1385 1619 ,

124 1659 227 1713 tamen
241 1646 349 1732 (qnod
372 1645 460 1712 valde
473 1644 639 1726 dolemus)
660 1643 847 1710 nominatim
859 1645 1014 1732 exscripto
1029 1647 1110 1730 loco.
1132 1647 1187 1713 sed
1204 1668 1267 1714 uno

122 1761 281 1845 alteroque
308 1759 400 1825 allato
426 1757 521 1824 verbo
544 1776 606 1847 qup
620 1777 694 1823 enm
717 1757 757 1823 de
778 1756 871 1823 rebus
892 1757 975 1825 idem
1001 1780 1074 1826 eum
1098 1759 1167 1826 aliis
1192 1781 1267 1827 sen-

124 1872 253 1938 tientem
270 1925 278 1955 ,
294 1872 384 1938 aliter
398 1892 491 1958 quam
507 1869 603 1936 ceteri
617 1923 626 1952 ,
642 1889 735 1936 usum
750 1890 819 1936 esse
833 1882 988 1938 memorat
1003 1870 1058 1950 (3),

167 1987 208 2052 Ut
222 1986 376 2073 Epicurus
400 1984 447 2064 (0)
471 1995 503 2051 et
523 1983 592 2069 ejus
612 1983 758 2070 egregius
776 1984 954 2070 interpres,
971 1985 1154 2070 LueretiuS,
1177 1987 1209 2053 in
1233 1989 1270 2054 li-

123 2098 188 2165 hris
210 2103 256 2166 De
282 2101 410 2166 Notnro
433 2119 550 2179 rerunt,
574 2096 613 2163 de
627 2097 742 2183 linguae
761 2118 833 2180 usu,
854 2098 955 2184 deque
970 2100 1125 2166 sermonis
1148 2101 1268 2188 origine

123 2212 296 2297 generatim
319 2211 515 2294 disseruere,
547 2211 589 2276 ita
613 2209 998 2305 etProdicumprimum
1031 2213 1063 2279 in
1094 2234 1188 2300 opere
1212 2227 1269 2299 napi

124 2331 232 2405 φύσεως,
257 2321 371 2389 deinde
402 2321 501 2408 magis
523 2322 556 2388 in
584 2321 731 2410 peculiari
760 2329 921 2403 περὶφύσεως
943 2331 1068 2404 ανθρώπου
1106 2322 1204 2406 lihro,
1235 2323 1267 2389 id

124 2434 347 2520 proculdubio
379 2433 556 2522 attigerat:
587 2434 670 2520 qnod
697 2433 791 2501 modo
815 2417 996 2500 summatim
1032 2434 1075 2500 ihi
1103 2446 1268 2504 tractatum

124 2548 278 2615 audivisse
304 2548 463 2615 Socratem
490 2547 649 2630 arbitror,
676 2567 773 2634 quum
807 2566 877 2613 sese
905 2567 968 2613 non
995 2569 1086 2635 posse
1118 2549 1157 2615 de
1184 2561 1268 2617 rectu

124 2661 288 2728 verborum
302 2661 421 2728 ratione
433 2642 587 2729 disserere
605 2661 734 2728 diceret.
753 2660 800 2726 Ex
826 2661 885 2727 hoc
906 2672 1011 2728 autem
1035 2663 1117 2750 qnod
1141 2663 1267 2750 subjicit

124 2795 254 2862 arguere
267 2795 433 2861 possumus
457 2776 490 2842 id
503 2776 595 2862 plane
611 2774 881 2861 particulatimque
904 2775 1154 2844 demonstratum
1169 2778 1267 2845 fuisse

127 2889 158 2953 in
174 2888 310 2974 quadam
332 2888 433 2975 magis
451 2888 489 2954 ad
510 2908 577 2954 rom
599 2887 832 2955 accommodata
851 2887 1085 2974 disputatione,
1112 2891 1161 2956 cui
1187 2911 1271 2957 non-

127 3001 201 3067 dum
225 3001 419 3084 interfuerat,
445 3011 537 3086 atque
551 3000 678 3068 titulum
703 2999 830 3066 habenti
859 3009 1050 3084 περὶὸνομάτωυ
1065 3010 1194 3085 ὀρθότητος
1217 3017 1271 3072 aur

126 3118 256 3184 lortasse
280 3117 374 3184 etiam
397 3127 452 3201 περὶ
462 3123 584 3200 ἑρμηνείας
611 3115 665 3196 (de
690 3119 961 3199 interpretatione,
990 3116 1055 3184 sive
1080 3118 1204 3205 potius,
1235 3124 1272 3186 de

125 3237 289 3315 interprete
303 3235 411 3315 linquo
427 3230 494 3318 (5))
510 3231 563 3315 qui
576 3231 684 3297 titulus
699 3232 824 3313 Crotplo
835 3231 868 3296 in
884 3231 990 3298 codice
1012 3233 1146 3318 quodam
1159 3234 1273 3302 inscri=

165 3423 198 3491 (1)
214 3428 255 3478 De
264 3427 380 3479 Natura
391 3436 491 3476 rerum
505 3423 532 3477 V.
547 3421 633 3486 1013,
646 3437 708 3495 sqq.

167 3522 202 3589 (1)
217 3520 257 3578 th.
273 3518 361 3584 troo,
375 3535 436 3592 sqq.
452 3521 574 3576 Attamen
587 3519 610 3575 si
620 3519 727 3576 Prodici
737 3519 836 3576 dictum
848 3520 942 3579 eodem
958 3535 1038 3579 sensu
1049 3538 1103 3595 quo
1116 3525 1272 3583 Plutarchus

130 3617 306 3688 accipiamus.
325 3639 337 3668 ι
351 3618 438 3690 iguem
451 3616 579 3686 optimum
591 3632 651 3674 esse
664 3618 875 3682 condimentum,
894 3640 904 3669 a
925 3620 1035 3677 lorume
1048 3623 1141 3679 melius
1152 3638 1184 3681 ex
1203 3625 1271 3681 lihro

80 3755 82 3761 .
126 3721 168 3772 De
184 3720 299 3773 Natura
315 3714 446 3772 Hominis
462 3714 593 3772 ellluxlsse
610 3716 765 3780 credamus,
785 3726 813 3772 et
830 3717 964 3787 eleganter
980 3719 1101 3788 (κομψῶς,
1117 3721 1269 3790 Plutarch.)

125 3814 277 3869 translatum
291 3812 324 3866 ad
334 3812 470 3869 sanitatem
484 3821 530 3875 aut
543 3813 718 3876 stomachum.
730 3822 760 3868 ut
773 3828 823 3871 nos
840 3825 948 3884 quoqne
963 3814 1092 3874 dicimos:
1111 3839 1123 3867 ι
1142 3817 1272 3888 repperti

126 3919 169 3965 est
182 3912 207 3966 le
219 3908 351 3965 meilleur
361 3909 507 3965 cnisinier.
529 3930 540 3958 n
564 3908 615 3964 Sed
630 3909 745 3979 priorem
757 3911 913 3967 sententiam
928 3912 1059 3982 potiorem
1072 3913 1152 3971 duco.

165 4007 198 4075 (3)
216 4006 308 4063 Galen.
325 4006 514 4078 Dedifferent.
529 4007 601 4078 [etr.
620 4023 657 4071 n.
675 4008 701 4064 6.
714 4017 731 4064 t.
750 4024 802 4072 nr,
814 4009 876 4066 tir.
892 4013 977 4066 -De
991 4010 1119 4081 Hlppocr.
1133 4015 1272 4071 etPlaton.

125 4106 225 4167 decret.
240 4121 310 4171 vrn,
325 4105 358 4170 0,
370 4105 431 4161 316.
449 4134 484 4146 -
494 4103 529 4160 lle
543 4107 645 4177 Physle.
660 4114 782 4176 potestat.
798 4110 840 4171 ll,
853 4108 885 4166 9.
898 4123 924 4178 p.
940 4107 1001 4166 106.

165 4201 197 4269 (0)
213 4201 255 4259 Ad
269 4201 405 4257 Herodot.
423 4199 510 4269 uptsc.
526 4202 598 4272 apud
614 4203 690 4271 uiog.
707 4206 791 4259 laert.
804 4205 845 4268 X,
860 4203 943 4259 7376
955 4243 962 4269 ,
973 4219 999 4274 p.
1017 4203 1078 4277 633,

166 4301 199 4367 (3)
216 4302 306 4356 Horat.
322 4299 363 4355 Ast
373 4299 504 4362 Pisones.
517 4315 541 4356 r.
558 4299 619 4356 110.
