2946 4746
655 312 813 367 -75-.

158 436 325 502 hominum
339 447 420 503 coetu
433 436 564 502 docendi
577 438 625 522 (l)
638 436 848 522 consuetudo,
864 435 996 523 ideoque
1013 457 1075 504 non
1094 440 1169 506 satis
1184 440 1302 506 intelli·

159 551 245 635 gitur
260 572 314 617 cnr
337 571 406 617 eam
421 562 453 618 et
475 551 605 618 Prodico
621 565 651 618 ct
668 552 828 619 nonnullis
849 552 916 639 ejus
932 554 989 618 {oui
1011 556 1170 640 magistris
1193 577 1304 642 enprov

164 665 232 731 hret
244 676 298 731 ont
310 665 434 751 objiciat
448 666 548 732 Plato·
1033 757 1036 762 Α

207 780 242 844 ln
270 780 392 846 Prodici
419 781 642 868 discipulorum
664 802 830 848 numerum
856 784 1042 851 adscribitur
1067 805 1190 871 quoque
1216 784 1301 850 Euri·

158 894 250 980 pides
269 893 328 975 (Ξ),
356 893 445 980 cujus
475 895 508 960 in
532 895 644 963 lahulis
665 905 859 983 (quanquam
879 918 951 964 eum
973 898 1129 965 tradidere
1150 898 1303 965 rhetorica

159 1007 256 1073 modo
275 1007 472 1074 institutione
499 1029 591 1083 usum
616 1011 704 1082 essel
725 1010 823 1076 multa
847 1011 1082 1096 deprehendere
1105 1021 1169 1088 est,
1197 1021 1232 1076 ut
1246 1011 1303 1077 de-

159 1121 429 1204 monstravimus,
454 1142 522 1208 qum
548 1121 648 1188 uarias
667 1122 845 1209 philosophi
860 1122 1017 1190 doctrinas
1037 1123 1215 1208 redoleant3
1234 1123 1303 1191 lso-

158 1246 261 1302 crates
272 1236 320 1322 (3)
336 1288 344 1320 ,
361 1237 413 1322 qui
428 1289 435 1320 ,
453 1247 488 1304 ut
501 1237 628 1323 opinor,
642 1237 674 1302 in
691 1236 831 1323 ejusdem
844 1238 950 1304 schola
963 1246 1092 1304 tractare
1104 1237 1201 1324 coepit
1215 1237 1302 1303 illam

157 1348 324 1415 uerborum
338 1369 538 1416 numerosam
554 1349 813 1435 compositionem
836 1361 868 1417 et
890 1339 1077 1437 exquisitam
1091 1349 1215 1416 dicendi
1238 1349 1299 1416 for·

159 1482 246 1528 mam
260 1476 355 1549 quarn
371 1473 458 1530 tanto
471 1463 574 1530 studio
586 1473 694 1549 postea
705 1464 867 1550 amplexus
886 1474 954 1547 est,
969 1475 1003 1530 ut
1019 1464 1193 1530 artificiosas
1209 1463 1303 1550 hujus

154 1576 346 1662 ,eloquentiae
361 1589 488 1660 auctor,
505 1577 713 1663 magisterque
738 1578 875 1663 optimus
890 1576 1017 1643 habitus
1035 1577 1076 1643 sit
1096 1563 1165 1663 (d),
1192 1589 1304 1664 praete-

160 1708 213 1755 rea
225 1690 307 1777 apud
321 1710 394 1757 eum
410 1711 473 1756 non
494 1708 591 1777 panca
617 1701 802 1770 occurrunt,
830 1711 897 1776 quae
921 1690 1087 1757 verborum
1108 1692 1304 1778 distinguen-

159 1803 272 1871 dorum
287 1804 547 1871 consuetndinem
567 1803 689 1870 Prodici
707 1805 782 1871 satis
801 1805 936 1871 reddunt
952 1806 999 1887 (ὅ)
1015 1835 1023 1890 3
1039 1804 1116 1872 item
1132 1805 1304 1874 Therame-
1412 1799 1414 1813 ’

159 1936 218 1984 nes
232 1915 298 2003 (6),
316 1917 409 1986 Ceius
421 1919 508 2005 ipse,
526 1929 557 1985 et
572 1919 701 2006 perinde
716 1929 807 2005 atque
825 1918 1006 2005 Euripides,
1021 1919 1158 1988 Socratis
1179 1941 1303 2006 quoque

130 2035 134 2045 '
158 2030 304 2115 auditor,
320 2032 373 2118 qui
391 2053 453 2098 non
466 2033 621 2100 minorem
636 2032 795 2119 magistris
809 2032 933 2099 laudem
946 2032 1060 2098 attulit.
1078 2033 1146 2117 Ille,
1160 2053 1258 2120 quum
1269 2035 1302 2100 in

158 2155 243 2212 statu
259 2145 436 2232 reipublicae
447 2147 600 2234 populari,
613 2164 726 2233 magna
741 2166 822 2232 saepe
833 2146 963 2214 obiisset
974 2147 1095 2227 munia,
1111 2157 1182 2234 post
1193 2147 1304 2214 urbem

159 2269 305 2346 captam,
322 2260 602 2346 Trigintaviromm
614 2281 697 2326 unus
711 2259 786 2343 luit,
803 2272 854 2341 et,
880 2270 960 2343 teste
984 2261 1053 2346 ipso
1076 2249 1303 2348 Xenophonte,

160 2372 265 2458 siquid
289 2373 341 2439 isti
368 2372 396 2438 vi
421 2384 475 2440 aut
496 2372 610 2460 injuria
638 2373 739 2440 facere
760 2372 896 2450 vellent,
923 2371 1045 2438 fortiter
1068 2372 1300 2441 adversabatur.

159 2466 268 2574 ltaque
285 2487 417 2572 Critias,
442 2498 477 2555 ut
499 2498 566 2555 erat
587 2507 696 2554 eorum
719 2487 982 2570 violentissimus,
1002 2497 1034 2554 et
1049 2488 1087 2553 ad
1109 2487 1210 2555 caedes
1230 2490 1304 2575 pro-

160 2602 390 2690 pensissimae,
406 2621 445 2669 ex
466 2603 566 2669 amico
589 2601 826 2669 inimicissimus
840 2601 1046 2668 Theramenis
1068 2602 1183 2678 evasit,
1211 2601 1304 2688 atqu‘c
1349 2592 1352 2597 ’

159 2714 243 2802 apud
256 2715 392 2802 collegas
412 2736 485 2782 suos
502 2716 657 2783 accusavit
676 2714 759 2806 quod
774 2715 911 2802 populo,
929 2714 1182 2801 optimorumque
1197 2715 1305 2782 inimi-

160 2827 206 2895 cis
219 2827 347 2895 faveret.
364 2829 435 2894 Mox
446 2828 675 2896 Undecimviris
689 2848 787 2915 quum
801 2827 924 2912 aCritia
939 2827 1072 2894 traditus
1084 2838 1169 2895 esset
1183 2827 1306 2894 indem-

161 2953 274 3024 natus,
288 2943 395 3009 cicutae
408 2928 481 3029 potu
496 2953 625 3012 necatus
639 2952 687 3009 est
704 2944 764 3028 (7).
793 2940 916 3025 Cicero,
944 2941 977 3007 in
1000 2945 1186 3008 Tusculanis
1200 2945 1306 3022 Quos·

160 3059 296 3122 tionibus
316 3056 474 3143 egregiam
497 3056 553 3122 viri
579 3068 713 3123 mortem
729 3077 791 3123 non
817 3055 886 3122 sine
906 3053 991 3142 justa
1012 3055 1213 3122 miseratione
1233 3075 1306 3120 nar-

161 3169 262 3267 ravit,
290 3170 343 3256 qui
368 3169 521 3257 suspicaci
542 3182 574 3237 et
598 3170 729 3238 sollicita
752 3188 922 3265 paucorum
944 3167 1173 3235 dominantium
1188 3167 1311 3257 sautia·

197 3402 235 3482 (1)
258 3412 345 3481 Hine.
357 3413 429 3482 moj.
445 3410 491 3476 99.
506 3420 535 3472 B.

202 3515 236 3582 (2)
252 3513 354 3576 suidas,
375 3510 405 3568 V.
420 3514 630 3580 aspicitur-vd.
643 3513 710 3568 Gell.
722 3527 763 3575 nv,
776 3510 968 3575 203—ldanuel
983 3509 1146 3580 lloschopul.
1161 3513 1249 3575 etiope
1264 3513 1310 3560 eoa

161 3616 214 3661 stou
225 3612 350 3678 τοῡΕῦρὶδ.
374 3639 409 3653 -
426 3590 466 3667 ci.
484 3612 508 3666 J.
524 3607 619 3672 Palma.
635 3613 676 3666 De
696 3609 842 3679 Euripidis
862 3609 924 3665 vito
937 3617 964 3664 et
985 3604 1301 3680 [obuiis,-Paris,18h9‚

160 3705 346 3775 inanum.
973 3686 977 3693 '

198 3805 234 3874 (3)
257 3806 369 3887 Dionys.
396 3806 525 3862 Halicarn.
551 3811 593 3862 De
614 3811 736 3862 lacerat.
755 3802 1083 3878 1;-l³seudo·l³lutarch,v
1107 3803 1162 3860 Vit.
1178 3806 1303 3880 isocratt

161 3902 236 3969 inita
250 3933 280 3942 —
294 3902 421 3968 Photius.
437 3904 598 3974 Myriobidi.
615 3905 667 3960 col.
683 3903 763 3963 tots.

135 4060 139 4067 ,
198 3999 233 4070 to)
256 4000 340 4056 Cicer.
365 4004 452 4058 Orat.
470 4016 522 4059 nn.

200 4098 236 4171 (5)
255 4099 426 4170 Ponepyric.
440 4099 489 4166 363
506 4101 626 4159 Helenes
646 4105 760 4159 lineum.
776 4100 820 4160 lh.

199 4197 233 4266 (6)
256 4198 351 4270 Athen,
366 4199 397 4264 V,
411 4197 455 4254 62.

199 4297 233 4373 (7)
257 4294 286 4353 V.
301 4299 423 4368 Xenoph,
439 4299 575 4363 Helieoic.
591 4303 633 4364 Il,
655 4315 705 4365 nr,
726 4300 772 4369 15οἱ
780 4329 816 4358 -.-,
829 4299 868 4358 Gi.
884 4298 963 4357 Dion.
976 4299 1058 4357 ilatio.
1070 4303 1192 4354 lacerat.
1209 4299 1232 4355 1..
