2946 4746
644 310 804 365 ..57-

148 429 254 495 mitias
263 430 453 516 suppeditari
466 430 532 496 Diis
546 431 662 498 rectius
674 434 916 514 convenientes,
932 433 981 498 vel
996 434 1093 499 iustos
1104 432 1172 499 dics
1186 431 1297 518 majori

150 560 222 609 cum
237 543 327 629 copia
341 563 445 610 rerum
470 544 628 630 exbiberi,
649 573 663 606 »
681 558 712 612 et
732 546 813 612 inira
831 576 837 613 :
856 575 870 607 (ι
885 546 1047 632 Agricolas
1062 546 1115 631 qui
1130 546 1295 633 sapiunt...
1407 580 1412 588 ·

151 657 294 725 omnium
320 658 515 726 fortunarum
536 680 663 726 suarum
684 681 778 727 causa
799 661 882 727 Deos
905 660 1019 727 colere.
1041 661 1120 751 »11)
1147 661 1300 727 Praeterea

152 783 217 840 toto
230 775 291 841 hoc
305 774 374 841 loco
389 774 506 859 aliquid
519 795 556 842 ex
573 775 696 843 Prodici
709 774 860 842 doctrinis
874 785 906 841 ct
920 758 1043 841 dicendi
1057 775 1155 842 lorma
1169 775 1300 842 ductum

152 905 221 952 esse
235 883 326 952 sacile
346 898 484 973 apparet.
506 887 570 954 Has
591 908 694 974 neque
717 905 901 974 aspernatus
928 899 977 954 cst
997 889 1149 956 Maximus
1166 890 1299 976 Tyrius,

153 1020 255 1087 neque
267 1000 387 1082 omisit,
405 1001 460 1068 scd
477 1002 615 1088 corrupit
629 1002 660 1068 in
675 1003 816 1069 oratione
839 1023 899 1089 qua
925 1003 1077 1089 agricolas
1098 1002 1302 1071 bellatoribus

154 1114 295 1182 utiliores
307 1135 377 1182 csse
392 1114 541 1182 disseruit
554 1116 590 1201 (2)
600 1170 606 1182 .
618 1116 741 1183 Prodici
752 1138 831 1204 opus
847 1128 879 1183 et
889 1117 1017 1184 uberius
1030 1129 1061 1183 ct
1073 1118 1116 1183 rei
1127 1138 1303 1186 accommo-

152 1233 256 1301 datius
269 1233 430 1299 rhetorum
454 1233 662 1320 posteriorum
683 1233 965 1300 declamationibus
976 1234 1072 1300 luisse
1084 1234 1153 1306 loco
1164 1234 1303 1312 declara-

154 1360 204 1415 tur
227 1369 321 1436 quem
350 1368 444 1414 nemo
473 1348 574 1414 adhuc
594 1348 812 1415 animadvertit
835 1349 917 1434 apud
937 1348 1084 1416 cumdcm
1106 1349 1301 1433 Maximum,

155 1462 207 1528 ubi
223 1479 338 1550 nempe
353 1463 391 1529 dc
403 1463 561 1531 mensuris
573 1483 719 1550 agrorum
734 1464 872 1550 loquitur
884 1464 943 1550 (3).
1337 1444 1340 1453 ’

197 1578 266 1645 Non
281 1578 375 1645 modo
385 1578 579 1645 haecettalia
593 1578 677 1645 haud
687 1572 820 1645 desiisse
832 1579 955 1645 tractari
969 1599 1007 1645 ex
1022 1579 1145 1645 Prodici
1161 1590 1302 1667 tempore

153 1696 186 1759 in
201 1694 336 1776 scholis,
356 1704 449 1780 atque
467 1692 548 1759 inter
562 1692 713 1760 oratorias
730 1692 970 1759 exercitationes
994 1693 1090 1760 luisse
1105 1705 1302 1780 compertum

40 1872 42 1876 ,
146 1807 277 1892 habco,
296 1806 399 1874 sedet
421 1807 506 1873 idem
520 1806 560 1872 de
579 1805 716 1872 virorum
742 1805 912 1872 illustrium
940 1807 1139 1894 Deorumquc
1158 1806 1303 1874 laudibus

155 1921 336 1988 dicendum.
361 1920 429 2003 lta,
452 1920 520 2006 ipsa
539 1920 663 1987 Prodici
684 1900 786 2000 aetate,
802 1919 934 1986 Achillis
949 1920 1051 2006 Ulyssi
1071 1899 1176 1988 collabi
1200 1933 1233 1988 et
1247 1942 1303 2009 pro

156 2035 285 2102 meliore
299 2034 397 2101 habiti
413 2037 585 2099 encomium
599 2033 765 2120 scripserat
775 2032 926 2119 Hippias,
944 2045 975 2099 ct
999 2032 1156 2120 Socrates,
1181 2035 1213 2100 in
1230 2036 1302 2103 Pla-

157 2148 241 2215 tonis
255 2149 400 2213 Coacr'or'o
415 2158 588 2241 cosmonct
600 2146 652 2233 qui
669 2146 809 2216 aderant,
826 2146 900 2212 talia
911 2167 930 2212 a
942 2149 1027 2211 bonis
1043 2147 1199 2233 Sophistis
1210 2149 1304 2235 vulgo

156 2261 295 2344 tractari,
322 2261 407 2327 etde
431 2265 546 2344 optimo
566 2260 710 2342 Prodico,
735 2270 842 2346 utpote
868 2260 920 2347 qui
949 2259 1167 2345 hujuscemodi
1188 2263 1303 2330 librum

158 2360 320 2457 ediderat,
336 2373 532 2439 mentionem
545 2373 657 2461 injicit,
673 2372 780 2439 addito
796 2372 956 2458 selegisse
974 2374 1125 2460 sapientis
1141 2375 1303 2461 cujusdam

157 2488 215 2557 viri
228 2509 381 2577 opusque
395 2489 440 2555 sal
461 2488 498 2554 ad
520 2477 621 2580 victds
642 2487 811 2554 utilitatem
833 2487 923 2554 miris
947 2488 1051 2554 modis
1074 2489 1300 2567 extollebatur,
1372 2485 1381 2501 '

159 2602 279 2689 aliaque
293 2601 388 2688 hujus
404 2602 783 2700 gener-ismultarcpcrirgi
795 2600 942 2669 laudibus
957 2601 1124 2669 celebrata.

202 2715 352 2782 Prodicus
365 2714 461 2800 igitur
475 2715 531 2781 aevi
545 2716 593 2782 sui
612 2715 874 2810 cousuetudinem
892 2725 1037 2796 secutuS,
1053 2715 1221 2783 Herculem
1236 2718 1305 2784 lau-

157 2828 284 2894 daverat
299 2826 332 2892 in
351 2845 445 2912 opcrc
461 2845 585 2893 summa
602 2837 667 2893 arte
683 2827 875 2913 composito,
899 2824 989 2911 cujus
1004 2826 1120 2893 mirum
1146 2827 1235 2894 illum
1260 2831 1306 2898 lo

157 2961 229 3008 cum
247 2938 340 3006 nohis
363 2919 491 3029 tradidit
509 2939 707 3032 Xenophon,
724 2940 776 3026 qui
793 2960 850 3026 per
863 2949 963 3005 totum
988 2940 1098 3006 orbem
1126 2952 1303 3028 terrarum,

156 3053 302 3119 Herculis
318 3033 477 3149 lodicibus
491 3053 558 3145 sive
570 3056 692 3120 Alcides
708 3059 743 3119 ln
756 3056 847 3119 Bioio
867 3053 991 3141 duplico
1003 3053 1133 3123 nomine
1148 3055 1302 3141 volgatur.

156 3152 356 3252 Xenophon,
380 3144 502 3232 Platoni
518 3147 715 3250 assentiam,
734 3167 889 3253 peculiare
906 3177 1145 3253 separatumque
1166 3167 1205 3234 de
1226 3167 1307 3235 Her-

157 3277 227 3345 Clllss
259 3297 339 3365 Oplls
361 3263 529 3362 [cdpppoppc
554 3291 625 3365 areph
642 3293 687 3343 τοῦ
709 3284 895 3363 Ἡρακλέους),
935 3279 1032 3346 fuisse
1054 3279 1190 3364 indicat,
1222 3281 1306 3367 quOd

157 3405 265 3463 contra
280 3398 378 3463 Horoe
392 3397 404 3475 1
412 3373 478 3479 opu
488 3398 514 3481 l,
531 3397 717 3485 inscriptum
729 3417 800 3464 esso
812 3408 920 3464 auctor
935 3407 982 3463 est
997 3395 1111 3464 Suidas
1123 3398 1185 3487 (d).
1199 3397 1307 3464 Unum

158 3529 197 3575 ne
213 3520 244 3577 et
257 3511 342 3584 idem
357 3512 451 3579 variis
466 3512 565 3579 titulis
580 3531 671 3598 opus,
681 3532 720 3578 an
732 3511 876 3578 Herculis
888 3491 1068 3578 encomium
1079 3531 1151 3598 pars
1168 3522 1303 3595 tantum,

157 3625 321 3691 autetiam
337 3625 422 3712 quod
442 3635 552 3692 vocant
574 3627 739 3691 Horarum
754 3629 886 3687 ἐπεισόδιον
899 3623 981 3691 luit?
1002 3623 1043 3690 Et
1066 3625 1216 3710 primum,
1230 3625 1305 3711 quid

111 3811 113 3815 y
155 3737 252 3805 hocce
263 3738 307 3804 ibi
323 3752 414 3807 sonat
425 3740 556 3806 verbum
570 3742 662 3821 opat?

72 3974 77 3981 ‚
194 3903 230 3986 (11
253 3905 434 3970 OEcoaomic‚
447 3921 477 3969 v,
493 3904 537 3969 10,
554 3902 597 3960 20.

191 4004 227 4073 (2)
252 4006 337 4059 Orat.
359 4017 418 4068 arv,
440 4018 466 4073 p.
487 4001 628 4090 ⁸⁵·,‘Cs·
656 4001 746 4056 liban.
768 4001 908 4070 Apmcott.
925 4001 1065 4063 Laudat..
1093 4015 1119 4070 p.
1140 4000 1184 4057 78.
1212 4003 1303 4066 Poris,

155 4114 334 4157 u.u·.c.xxvu.
351 4103 389 4156 cl.
407 4101 499 4156 tlorcb
570 4140 571 4143 ,

195 4197 228 4266 131
253 4202 339 4257 Orat.
361 4214 443 4262 11111,
462 4214 488 4270 p.
506 4199 567 4256 133.
593 4242 596 4246 .
703 4240 705 4244 <

192 4296 226 4365 (h)
246 4299 310 4352 voc.
326 4296 449 4364 Πρόδικος,
460 4306 528 4364 opat.
540 4325 569 4334 -
582 4295 623 4352 cl.
635 4295 738 4351 Endos.
752 4294 847 4359 lanta,
859 4309 919 4364 pag.
934 4293 995 4351 365.
