2946 4746
668 346 707 368 -..-
726 329 764 384 65
785 348 824 370 ..-

176 453 307 521 morbus
328 473 451 540 queque
470 454 613 540 voluptas
626 453 688 538 (l),
713 455 802 541 eujus
821 449 1013 543 imprudenti
1036 470 1090 526 ant
1111 461 1233 528 minere
1252 463 1320 530 dis-¹

175 567 291 654 ciplina
306 567 460 635 instructo
474 567 620 644 insinuat
643 568 740 652 virus,
766 568 849 654 qued
872 569 991 655 optima
1016 575 1198 659 corrumpit.
1220 576 1318 662 Igitur

174 680 354 766 philosophi
366 690 415 747 est
425 681 626 747 huncsanare
637 679 781 748 morbum
790 681 853 766 cui,
869 682 930 749 nisi
941 693 1062 749 mature
1073 685 1256 754 adhibeatur
1270 709 1318 756 re-

175 795 330 878 medium,
345 794 531 880 usqueadeo
546 794 765 876 invalescent
777 796 872 863 etiam
885 795 1222 885 inlureremvertatur,
1236 803 1317 872 sicut

173 908 294 996 optime
305 907 456 995 judicarit
472 907 511 974 de
525 927 650 993 amore,
667 909 829 993 Prodicus,
845 910 898 995 qui
918 937 938 972 α
961 912 1163 998 cupiditatem
1177 918 1316 1001 gemina·

175 1030 240 1087 tam
254 1040 327 1088 eum
344 1040 414 1088 esse
428 1021 518 1104 dixit,
530 1031 634 1108 atque,
652 1024 678 1090 si
693 1024 881 1110 geminetur,
893 1023 1048 1092 insaniam
1065 1027 1131 1093 fieri
1152 1054 1164 1088 α
1184 1030 1245 1113 (2).

217 1134 263 1202 De
278 1135 328 1202 his
355 1135 502 1202 omnibns
526 1136 617 1222 plane
638 1136 782 1203 assentiri
803 1137 855 1220 (et
870 1137 940 1223 quis
966 1157 1030 1204 non
1058 1140 1311 1230 assentireturi’)

174 1250 257 1337 apud
279 1249 533 1335 Xenophontem,
549 1250 787 1336 Platonemque,
815 1250 974 1318 Socratem
992 1251 1154 1339 videmus,
1175 1255 1224 1320 cni
1248 1252 1326 1323 non'

172 1364 313 1430 minimae
327 1365 410 1431 laudi
425 1364 562 1430 dandum
575 1383 688 1430 censeo
702 1364 784 1450 quod
797 1364 948 1450 quidquid
966 1365 1093 1449 benum,
1106 1367 1271 1452 pulchmm
1282 1381 1314 1437 et

173 1492 281 1546 verum
292 1479 477 1545 invenerant
485 1479 548 1563 alii,
562 1479 675 1546 ametis
684 1478 861 1563 erroribus,
879 1479 1029 1548 discussis
1042 1479 1310 1570 ambiguitatibus,

171 1592 211 1660 ad
225 1593 389 1661 clariorem
403 1593 506 1660 lucem
518 1593 682 1660 adduxerit
694 1594 749 1679 (3).

122 1709 126 1714 '
214 1706 333 1774 Eorum
345 1726 412 1793 quae
427 1706 466 1773 ad
477 1707 634 1773 naturales
645 1706 834 1792 quaestiones
845 1705 990 1790 attinent,
1006 1718 1041 1785 ut
1052 1708 1220 1795 suprajam
1231 1711 1311 1777 dirr-

168 1836 255 1904 mus,
271 1819 351 1885 nihil
375 1815 472 1888 lereti
490 1819 614 1886 Prodici
637 1818 761 1906 scriptis
781 1830 941 1904 superest,
967 1819 1060 1905 idque
1084 1819 1186 1887 solum
1206 1823 1313 1901 nobis,-

168 1932 433 2006 Galenoauetere‚
448 1943 652 2001 constateum
661 1932 693 1997 in
705 1932 840 2020 physicis
850 1931 1112 2018 disputationibus
1123 1933 1201 1999 nihil
1215 1953 1315 2023 prope

168 2048 241 2115 nevi
257 2047 296 2114 de
310 2046 491 2132 rebusipsis
503 2046 674 2129 invenisse,
695 2045 867 2132 eademque
884 2045 1020 2112 sensisse
1034 2066 1106 2112 cum
1118 2048 1231 2115 ceteris
1247 2048 1312 2133 (l),

61 2158 64 2164 ’
168 2163 224 2230 sed
244 2178 380 2246 summa,
405 2181 465 2247 qua
486 2160 618 2245 solebat,
643 2160 767 2227 dicendi
779 2160 931 2246 religione
948 2181 1041 2228 usum
1055 2181 1137 2246 esse,
1154 2173 1258 2248 atque,
1277 2176 1311 2230 ut

168 2296 226 2360 sue
237 2277 382 2364 qnodque
394 2286 563 2364 poneretur
576 2276 645 2342 lnce
656 2273 855 2356 vocabulum,
870 2274 954 2340 unde
970 2285 1074 2341 ertum
1089 2287 1185 2360 esset,
1203 2287 1310 2363 etque

167 2410 263 2458 sensu
281 2410 355 2458 vero
378 2391 580 2476 acciperetur,
600 2388 816 2474 investigasse.
838 2387 896 2472 lta,
918 2388 1092 2456 immutatis
1115 2390 1308 2474 nominibus,

167 2524 280 2572 amarae
305 2502 378 2571 bilis
406 2505 572 2570 humorem
591 2510 684 2584 φλέγμα
699 2503 897 2587 nuncupdsse
921 2511 1013 2587 atque
1034 2495 1151 2568 dixisse
1178 2503 1310 2572 averbe

165 2621 307 2701 φλέγεσθαι,
333 2616 416 2703 quod
434 2626 483 2683 est
502 2614 709 2700 inflammari,
727 2633 797 2681 eam
812 2614 1053 2700 appellationem
1069 2603 1196 2682 babere.
1216 2608 1309 2683 Cetea

165 2748 237 2798 rum
260 2732 321 2798 heo
338 2729 400 2796 albi
420 2729 532 2824 celeris
554 2727 637 2815 qued
651 2747 762 2795 omnes
775 2727 922 2794 hemines
948 2747 1047 2814 graece
1071 2735 1165 2810 φλέφμα
1183 2741 1306 2814 vocant,

164 2844 333 2934 Prodicum
345 2845 442 2905 aletes
464 2841 668 2929 appellavisse
688 2840 743 2929 (5).
760 2840 862 2923 Quem
874 2839 1002 2926 quidem
1013 2832 1154 2908 Galenus
1168 2851 1308 2908 tantuma

200 3033 237 3105 (1)
245 3020 358 3083 uoor'ten‘
368 3033 395 3081 τὸ
404 3030 485 3086 ἡδονῆς
498 3033 556 3095 irrep
568 3029 639 3091 εἶναι,
654 3030 770 3092 ἀμαθὶαὴ
788 3031 892 3088 μεγίστη·
911 3028 937 3083 ἧς
950 3031 1026 3094 ἰατρός
1042 3027 1101 3103 εἶναί
1114 3048 1166 3096 φησι
1185 3030 1311 3097 Πρόδικος.Α

164 3133 270 3203 Protng.
285 3128 348 3191 212.
359 3129 389 3182 F.

203 3230 237 3298 (2)
253 3230 375 3292 ἐπιθυμίαν
383 3202 428 3289 pria
442 3224 639 3274 διπλασιασθεῐσαν
655 3225 728 3290 ἔρωτα
739 3219 806 3271 εἶναι’
822 3223 895 3289 ἔρωτα
906 3221 931 3269 δὲ
948 3222 1146 3283 ecclesiastem,
1159 3226 1246 3284 μανίαν
1257 3229 1313 3286 ytp:

163 3330 248 3378 ασθαι.
265 3327 324 3394 (dp.
343 3323 418 3379 Stoh.
433 3326 526 3378 Serm.
544 3321 632 3387 Lllll.)
647 3317 725 3385 Quod
743 3324 820 3373 antea
841 3316 989 3372 meminisse
1008 3315 1111 3372 ridetur
1134 3318 1311 3376 Socratesaut

163 3421 250 3478 Plato:
269 3427 309 3473 καὶ
325 3427 346 3471 cl
358 3428 391 3482 μὴ
408 3418 477 3470 oeten
496 3424 536 3474 τὴν
550 3425 588 3472 τῆς
601 3417 690 3485 σφόδρα
701 3421 785 3481 μανίας
794 3414 873 3472 δόξαν,
888 3415 943 3463 son
953 3418 982 3462 ἅν
993 3416 1041 3464 κτλ.
1055 3412 1107 3469 Sed
1123 3422 1205 3470 totum
1219 3415 1312 3471 locum·

164 3521 208 3578 ubi
220 3520 278 3576 fuse
290 3518 324 3574 de
339 3516 435 3573 amoris
449 3524 540 3570 namra
552 3513 698 3577 disseritur,
710 3511 775 3576 vid.;
791 3520 818 3567 et
827 3511 908 3565 inlra:
928 3530 940 3559 α
960 3516 1054 3560 Μανίαν
1065 3516 1110 3579 pap
1123 3531 1176 3562 ααα
1191 3517 1308 3581 apteque

162 3620 220 3669 εἶναι
232 3622 273 3668 τὸν
286 3619 367 3684 ἔρωτα.
384 3615 479 3683 (Phaed.
494 3629 520 3682 p.
534 3612 586 3670 346
599 3614 618 3667 F
619 3626 635 3683 Ιἶ
648 3641 683 3652 -·-
696 3611 758 3676 352,
772 3613 803 3665 D.

197 3714 236 3783 (3)
259 3712 380 3768 Similiter
394 3713 448 3783 jam
469 3711 576 3768 notavit.
596 3710 628 3763 G.
649 3710 702 3763 Van
716 3707 823 3763 Heusde
845 3707 925 3776 (leit.
941 3707 1126 3776 philosophice
1136 3708 1309 3774 Platonicae.

161 3812 222 3870 edit.
240 3812 317 3868 alter.
333 3827 359 3881 p,
375 3812 439 3878 395)
467 3825 545 3865 anon
562 3823 670 3880 prorsus
685 3808 857 3864 abhorrerea
875 3807 1008 3862 socratica
1025 3815 1051 3863 et
1072 3808 1204 3863 Platonica
1222 3809 1305 3877 philo·

160 3911 254 3983 sophia
266 3911 441 3981 sophistarum
455 3909 560 3980 placita.
584 3931 595 3958 a

198 4010 236 4082 (lt)
247 4015 353 4082 φυλάττει
361 4019 441 4074 μέντοι
453 4016 478 4060 τὸ
490 4021 588 4079 πρᾶγμα
597 4012 656 4059 κατὰ
667 4009 737 4058 ταύτὸ
748 4014 797 4063 τοῖς
808 4009 893 4062 ἄλλοις.
910 4008 960 4076 (De
973 4004 1083 4077 physic.
1093 4009 1204 4062 Facult.
1221 4011 1261 4070 II,
1273 4007 1301 4071 9,

160 4124 185 4178 p.
202 4108 265 4174 106,
278 4111 310 4164 Τ.
324 4110 344 4164 l.
563 4173 566 4177 ⁴
875 4117 879 4127 ’

198 4208 234 4276 (5)
248 4209 278 4262 ln
290 4206 350 4263 libr.
360 4204 395 4259 de
404 4209 507 4260 Netur.
521 4204 647 4267 homin,
659 4201 729 4271 apud
740 4201 1070 4273 Galen-Dellifferent.
1082 4201 1211 4266 seond,
1226 4201 1253 4269 6,
1267 4205 1306 4257 Τ.-

157 4308 205 4372 111,
216 4321 243 4378 p.
259 4306 360 4364 132-
373 4304 533 4372 DePbpsic.
550 4303 692 4359 Facultat.
704 4305 738 4365 ll,
750 4301 785 4356 9..
838 4316 839 4319 ¹
