<?xml version="1.0" encoding="UTF-8"?>
<!DOCTYPE html PUBLIC "-//W3C//DTD XHTML 1.0 Transitional//EN"
    "http://www.w3.org/TR/xhtml1/DTD/xhtml1-transitional.dtd">
<html xmlns="http://www.w3.org/1999/xhtml" xml:lang="en" lang="en">
 <head>
  <title>
</title>
<meta http-equiv="Content-Type" content="text/html;charset=utf-8" />
  <meta name='ocr-system' content='tesseract 3.04.00' />
  <meta name='ocr-capabilities' content='ocr_page ocr_carea ocr_par ocr_line ocrx_word'/>
</head>
<body>
  <div class='ocr_page' id='page_1' title='image "./deprodicoceioso01couggoog_0053.png"; bbox 0 0 2946 4746; ppageno 0'>
   <div class='ocr_carea' id='block_1_1' title="bbox 157 275 1314 1626">
    <p class='ocr_par' dir='ltr' id='par_1_1' title="bbox 157 275 1314 1626">
     <span class='ocr_line' id='line_1_1' title="bbox 651 275 810 331; baseline -0.013 -17"><span class='ocrx_word' id='word_1_1' title='bbox 651 295 691 314; x_wconf 60' lang='lat' dir='ltr'><em>a...</em></span> <span class='ocrx_word' id='word_1_2' title='bbox 712 275 750 331; x_wconf 55' lang='lat'>48</span> <span class='ocrx_word' id='word_1_3' title='bbox 782 301 810 312; x_wconf 71' lang='lat'>.-</span> 
     </span>
     <span class='ocr_line' id='line_1_2' title="bbox 157 398 1307 489; baseline 0.003 -23"><span class='ocrx_word' id='word_1_4' title='bbox 157 401 264 468; x_wconf 80' lang='lat' dir='ltr'>tideas</span> <span class='ocrx_word' id='word_1_5' title='bbox 277 431 285 485; x_wconf 77' lang='lat'>3</span> <span class='ocrx_word' id='word_1_6' title='bbox 300 415 477 486; x_wconf 81' lang='lat' dir='ltr'><strong>quanquam</strong></span> <span class='ocrx_word' id='word_1_7' title='bbox 490 408 588 464; x_wconf 86' lang='lat' dir='ltr'>toturn</span> <span class='ocrx_word' id='word_1_8' title='bbox 612 398 732 466; x_wconf 77' lang='lat' dir='ltr'>Prodici</span> <span class='ocrx_word' id='word_1_9' title='bbox 746 399 859 465; x_wconf 89' lang='lat' dir='ltr'>librum</span> <span class='ocrx_word' id='word_1_10' title='bbox 872 399 911 465; x_wconf 90' lang='lat' dir='ltr'>ab</span> <span class='ocrx_word' id='word_1_11' title='bbox 936 400 989 467; x_wconf 93' lang='lat' dir='ltr'>illo</span> <span class='ocrx_word' id='word_1_12' title='bbox 1004 403 1194 489; x_wconf 86' lang='lat' dir='ltr'>exscriptum</span> <span class='ocrx_word' id='word_1_13' title='bbox 1208 405 1307 470; x_wconf 86' lang='lat' dir='ltr'>luisse</span> 
     </span>
     <span class='ocr_line' id='line_1_3' title="bbox 160 506 1307 598; baseline 0.002 -18"><span class='ocrx_word' id='word_1_14' title='bbox 160 513 291 580; x_wconf 89' lang='lat' dir='ltr'>minime</span> <span class='ocrx_word' id='word_1_15' title='bbox 305 511 427 598; x_wconf 83' lang='lat' dir='ltr'><strong>opinor.</strong></span> <span class='ocrx_word' id='word_1_16' title='bbox 443 510 602 578; x_wconf 81' lang='lat' dir='ltr'><strong>Hactenus</strong></span> <span class='ocrx_word' id='word_1_17' title='bbox 614 521 735 593; x_wconf 87' lang='lat' dir='ltr'>tantum</span> <span class='ocrx_word' id='word_1_18' title='bbox 759 510 798 578; x_wconf 86' lang='lat' dir='ltr'>de</span> <span class='ocrx_word' id='word_1_19' title='bbox 814 512 956 579; x_wconf 89' lang='lat' dir='ltr'>Herculis</span> <span class='ocrx_word' id='word_1_20' title='bbox 979 513 1177 582; x_wconf 90' lang='lat' dir='ltr'>institutione</span> <span class='ocrx_word' id='word_1_21' title='bbox 1200 506 1307 582; x_wconf 89' lang='lat' dir='ltr'>actum</span> 
     </span>
     <span class='ocr_line' id='line_1_4' title="bbox 158 623 1306 710; baseline 0.003 -18"><span class='ocrx_word' id='word_1_22' title='bbox 158 636 219 693; x_wconf 88' lang='lat' dir='ltr'>est.</span> <span class='ocrx_word' id='word_1_23' title='bbox 250 625 374 707; x_wconf 89' lang='lat' dir='ltr'>Postea,</span> <span class='ocrx_word' id='word_1_24' title='bbox 396 624 567 710; x_wconf 68' lang='lat' dir='ltr'>quomodo,</span> <span class='ocrx_word' id='word_1_25' title='bbox 595 623 662 706; x_wconf 89' lang='lat' dir='ltr'>ubi,</span> <span class='ocrx_word' id='word_1_26' title='bbox 686 624 742 691; x_wconf 87' lang='lat' dir='ltr'>tali</span> <span class='ocrx_word' id='word_1_27' title='bbox 761 624 851 702; x_wconf 85' lang='lat' dir='ltr'>duce,</span> <span class='ocrx_word' id='word_1_28' title='bbox 870 645 998 693; x_wconf 88' lang='lat' dir='ltr'>omnem</span> <span class='ocrx_word' id='word_1_29' title='bbox 1021 627 1145 695; x_wconf 87' lang='lat' dir='ltr'>vivendi</span> <span class='ocrx_word' id='word_1_30' title='bbox 1161 646 1306 710; x_wconf 84' lang='lat' dir='ltr'>cursum,</span> 
     </span>
     <span class='ocr_line' id='line_1_5' title="bbox 159 736 1310 826; baseline 0.003 -22"><span class='ocrx_word' id='word_1_31' title='bbox 159 757 333 823; x_wconf 89' lang='lat' dir='ltr'>omnesque</span> <span class='ocrx_word' id='word_1_32' title='bbox 356 736 479 803; x_wconf 88' lang='lat' dir='ltr'>labores</span> <span class='ocrx_word' id='word_1_33' title='bbox 503 747 535 803; x_wconf 89' lang='lat' dir='ltr'>et</span> <span class='ocrx_word' id='word_1_34' title='bbox 550 737 685 824; x_wconf 89' lang='lat' dir='ltr'>pericula</span> <span class='ocrx_word' id='word_1_35' title='bbox 701 737 822 820; x_wconf 76' lang='lat' dir='ltr'>didicit,</span> <span class='ocrx_word' id='word_1_36' title='bbox 839 738 1022 826; x_wconf 88' lang='lat' dir='ltr'>firmataque</span> <span class='ocrx_word' id='word_1_37' title='bbox 1049 751 1153 825; x_wconf 84' lang='lat' dir='ltr'>aetate,</span> <span class='ocrx_word' id='word_1_38' title='bbox 1177 742 1226 808; x_wconf 88' lang='lat' dir='ltr'>vir</span> <span class='ocrx_word' id='word_1_39' title='bbox 1249 742 1310 809; x_wconf 86' lang='lat' dir='ltr'>suit</span> 
     </span>
     <span class='ocr_line' id='line_1_6' title="bbox 159 851 1309 942; baseline 0.003 -25"><span class='ocrx_word' id='word_1_40' title='bbox 159 851 242 917; x_wconf 92' lang='lat' dir='ltr'>inter</span> <span class='ocrx_word' id='word_1_41' title='bbox 251 851 346 936; x_wconf 87' lang='lat' dir='ltr'>viros,</span> <span class='ocrx_word' id='word_1_42' title='bbox 359 870 428 937; x_wconf 85' lang='lat' dir='ltr'>quae</span> <span class='ocrx_word' id='word_1_43' title='bbox 440 862 631 937; x_wconf 73' lang='lat' dir='ltr'>preceperat</span> <span class='ocrx_word' id='word_1_44' title='bbox 640 851 746 917; x_wconf 89' lang='lat' dir='ltr'>Virtus</span> <span class='ocrx_word' id='word_1_45' title='bbox 757 851 912 918; x_wconf 78' lang='lat' dir='ltr'>studuerit</span> <span class='ocrx_word' id='word_1_46' title='bbox 926 855 1067 939; x_wconf 79' lang='lat' dir='ltr'>exsequi,</span> <span class='ocrx_word' id='word_1_47' title='bbox 1080 855 1309 942; x_wconf 91' lang='lat' dir='ltr'>philosophum</span> 
     </span>
     <span class='ocr_line' id='line_1_7' title="bbox 159 952 1311 1055; baseline 0.002 -22"><span class='ocrx_word' id='word_1_48' title='bbox 159 966 333 1034; x_wconf 82' lang='lat' dir='ltr'>narravisse</span> <span class='ocrx_word' id='word_1_49' title='bbox 347 964 516 1032; x_wconf 84' lang='lat' dir='ltr'>verisimile</span> <span class='ocrx_word' id='word_1_50' title='bbox 528 976 594 1051; x_wconf 72' lang='lat' dir='ltr'>est,</span> <span class='ocrx_word' id='word_1_51' title='bbox 610 965 684 1033; x_wconf 90' lang='lat' dir='ltr'>iude</span> <span class='ocrx_word' id='word_1_52' title='bbox 700 965 850 1032; x_wconf 88' lang='lat' dir='ltr'>trucidata</span> <span class='ocrx_word' id='word_1_53' title='bbox 862 977 1001 1034; x_wconf 87' lang='lat' dir='ltr'>monstra</span> <span class='ocrx_word' id='word_1_54' title='bbox 1018 952 1079 1051; x_wconf 69' lang='lat' dir='ltr'>(l),</span> <span class='ocrx_word' id='word_1_55' title='bbox 1091 970 1241 1055; x_wconf 90' lang='lat' dir='ltr'>expulsos</span> <span class='ocrx_word' id='word_1_56' title='bbox 1255 981 1311 1037; x_wconf 90' lang='lat' dir='ltr'>aut</span> 
     </span>
     <span class='ocr_line' id='line_1_8' title="bbox 159 1080 1307 1168; baseline 0.003 -20"><span class='ocrx_word' id='word_1_57' title='bbox 159 1082 340 1148; x_wconf 86' lang='lat' dir='ltr'>interlectos</span> <span class='ocrx_word' id='word_1_58' title='bbox 350 1091 510 1168; x_wconf 79' lang='lat' dir='ltr'>tyrannos,</span> <span class='ocrx_word' id='word_1_59' title='bbox 524 1090 568 1163; x_wconf 87' lang='lat' dir='ltr'>et,</span> <span class='ocrx_word' id='word_1_60' title='bbox 582 1080 732 1167; x_wconf 88' lang='lat' dir='ltr'>quidquid</span> <span class='ocrx_word' id='word_1_61' title='bbox 747 1082 901 1148; x_wconf 87' lang='lat' dir='ltr'>scelerum</span> <span class='ocrx_word' id='word_1_62' title='bbox 913 1093 992 1164; x_wconf 75' lang='lat' dir='ltr'>erat,</span> <span class='ocrx_word' id='word_1_63' title='bbox 1008 1102 1025 1149; x_wconf 94' lang='lat' dir='ltr'>e</span> <span class='ocrx_word' id='word_1_64' title='bbox 1044 1085 1137 1151; x_wconf 87' lang='lat' dir='ltr'>terris</span> <span class='ocrx_word' id='word_1_65' title='bbox 1150 1084 1307 1152; x_wconf 87' lang='lat' dir='ltr'>ablatum.</span> 
     </span>
     <span class='ocr_line' id='line_1_9' title="bbox 159 1193 1309 1281; baseline 0.002 -19"><span class='ocrx_word' id='word_1_66' title='bbox 159 1195 314 1281; x_wconf 83' lang='lat' dir='ltr'>Denique,</span> <span class='ocrx_word' id='word_1_67' title='bbox 341 1193 511 1261; x_wconf 88' lang='lat' dir='ltr'>constituto</span> <span class='ocrx_word' id='word_1_68' title='bbox 530 1194 663 1260; x_wconf 82' lang='lat' dir='ltr'>iustitiae</span> <span class='ocrx_word' id='word_1_69' title='bbox 688 1210 795 1281; x_wconf 86' lang='lat' dir='ltr'>regno,</span> <span class='ocrx_word' id='word_1_70' title='bbox 824 1195 937 1279; x_wconf 87' lang='lat' dir='ltr'>virum,</span> <span class='ocrx_word' id='word_1_71' title='bbox 959 1196 1105 1263; x_wconf 80' lang='lat' dir='ltr'>Amicitia</span> <span class='ocrx_word' id='word_1_72' title='bbox 1121 1199 1309 1281; x_wconf 76' lang='lat' dir='ltr'>comitante,</span> 
     </span>
     <span class='ocr_line' id='line_1_10' title="bbox 160 1307 1314 1396; baseline 0.002 -19"><span class='ocrx_word' id='word_1_73' title='bbox 160 1330 273 1396; x_wconf 80' lang='lat' dir='ltr'>rogum</span> <span class='ocrx_word' id='word_1_74' title='bbox 293 1307 432 1376; x_wconf 84' lang='lat' dir='ltr'>OEteum</span> <span class='ocrx_word' id='word_1_75' title='bbox 450 1307 684 1392; x_wconf 87' lang='lat' dir='ltr'>conscendisse,</span> <span class='ocrx_word' id='word_1_76' title='bbox 705 1319 751 1384; x_wconf 79' lang='lat' dir='ltr'>ut,</span> <span class='ocrx_word' id='word_1_77' title='bbox 776 1309 914 1396; x_wconf 88' lang='lat' dir='ltr'>siquam</span> <span class='ocrx_word' id='word_1_78' title='bbox 943 1310 1008 1376; x_wconf 89' lang='lat' dir='ltr'>vitii</span> <span class='ocrx_word' id='word_1_79' title='bbox 1034 1311 1137 1379; x_wconf 88' lang='lat' dir='ltr'>lahem</span> <span class='ocrx_word' id='word_1_80' title='bbox 1161 1313 1314 1380; x_wconf 87' lang='lat' dir='ltr'>traxisset</span> 
     </span>
     <span class='ocr_line' id='line_1_11' title="bbox 161 1422 1310 1512; baseline 0.001 -21"><span class='ocrx_word' id='word_1_81' title='bbox 161 1424 299 1506; x_wconf 80' lang='lat' dir='ltr'>animus,</span> <span class='ocrx_word' id='word_1_82' title='bbox 319 1433 503 1510; x_wconf 84' lang='lat' dir='ltr'>purgaretur</span> <span class='ocrx_word' id='word_1_83' title='bbox 519 1422 598 1509; x_wconf 78' lang='lat' dir='ltr'>igni,</span> <span class='ocrx_word' id='word_1_84' title='bbox 612 1422 756 1509; x_wconf 85' lang='lat' dir='ltr'>quodque</span> <span class='ocrx_word' id='word_1_85' title='bbox 768 1443 880 1509; x_wconf 93' lang='lat' dir='ltr'>purum</span> <span class='ocrx_word' id='word_1_86' title='bbox 895 1425 1001 1493; x_wconf 86' lang='lat' dir='ltr'>acoelo</span> <span class='ocrx_word' id='word_1_87' title='bbox 1012 1437 1174 1512; x_wconf 88' lang='lat' dir='ltr'>acceperat</span> <span class='ocrx_word' id='word_1_88' title='bbox 1183 1446 1310 1508; x_wconf 78' lang='lat' dir='ltr'>semen,</span> 
     </span>
     <span class='ocr_line' id='line_1_12' title="bbox 161 1535 1313 1626; baseline 0.001 -21"><span class='ocrx_word' id='word_1_89' title='bbox 161 1558 274 1626; x_wconf 92' lang='lat' dir='ltr'>purum</span> <span class='ocrx_word' id='word_1_90' title='bbox 291 1538 371 1604; x_wconf 84' lang='lat' dir='ltr'>coelo</span> <span class='ocrx_word' id='word_1_91' title='bbox 381 1535 536 1604; x_wconf 90' lang='lat' dir='ltr'>redderet.</span> <span class='ocrx_word' id='word_1_92' title='bbox 562 1536 609 1602; x_wconf 86' lang='lat' dir='ltr'>lta</span> <span class='ocrx_word' id='word_1_93' title='bbox 621 1537 771 1604; x_wconf 82' lang='lat' dir='ltr'>excedere</span> <span class='ocrx_word' id='word_1_94' title='bbox 786 1558 824 1604; x_wconf 92' lang='lat' dir='ltr'>ex</span> <span class='ocrx_word' id='word_1_95' title='bbox 837 1539 896 1606; x_wconf 91' lang='lat' dir='ltr'>hac</span> <span class='ocrx_word' id='word_1_96' title='bbox 909 1539 970 1606; x_wconf 85' lang='lat' dir='ltr'>vitu</span> <span class='ocrx_word' id='word_1_97' title='bbox 994 1540 1175 1624; x_wconf 84' lang='lat' dir='ltr'>Herculem,</span> <span class='ocrx_word' id='word_1_98' title='bbox 1207 1539 1240 1607; x_wconf 92' lang='lat' dir='ltr'>id</span> <span class='ocrx_word' id='word_1_99' title='bbox 1262 1552 1313 1608; x_wconf 88' lang='lat' dir='ltr'>est</span> 
     </span>
    </p>
   </div>
   <div class='ocr_carea' id='block_1_2' title="bbox 159 1649 1306 1848">
    <p class='ocr_par' dir='ltr' id='par_1_2' title="bbox 159 1649 1306 1848">
     <span class='ocr_line' id='line_1_13' title="bbox 159 1649 1306 1740; baseline 0.003 -22"><span class='ocrx_word' id='word_1_100' title='bbox 159 1652 302 1718; x_wconf 87' lang='lat' dir='ltr'>animum</span> <span class='ocrx_word' id='word_1_101' title='bbox 314 1651 426 1717; x_wconf 82' lang='lat' dir='ltr'>fortem</span> <span class='ocrx_word' id='word_1_102' title='bbox 442 1669 576 1735; x_wconf 85' lang='lat' dir='ltr'>vereque</span> <span class='ocrx_word' id='word_1_103' title='bbox 590 1649 725 1734; x_wconf 85' lang='lat' dir='ltr'>virilem,</span> <span class='ocrx_word' id='word_1_104' title='bbox 739 1650 798 1716; x_wconf 88' lang='lat' dir='ltr'>sibi</span> <span class='ocrx_word' id='word_1_105' title='bbox 810 1651 974 1738; x_wconf 78' lang='lat' dir='ltr'>jubentem</span> <span class='ocrx_word' id='word_1_106' title='bbox 987 1653 1069 1720; x_wconf 91' lang='lat' dir='ltr'>iuter</span> <span class='ocrx_word' id='word_1_107' title='bbox 1084 1654 1218 1740; x_wconf 90' lang='lat' dir='ltr'>piacula,</span> <span class='ocrx_word' id='word_1_108' title='bbox 1236 1655 1306 1721; x_wconf 74' lang='lat' dir='ltr'>nul</span> 
     </span>
     <span class='ocr_line' id='line_1_14' title="bbox 161 1761 885 1848; baseline 0 -18"><span class='ocrx_word' id='word_1_109' title='bbox 161 1764 227 1830; x_wconf 93' lang='lat' dir='ltr'>lum</span> <span class='ocrx_word' id='word_1_110' title='bbox 239 1764 333 1830; x_wconf 88' lang='lat' dir='ltr'>edere</span> <span class='ocrx_word' id='word_1_111' title='bbox 346 1762 499 1848; x_wconf 78' lang='lat' dir='ltr'>gemitum</span> <span class='ocrx_word' id='word_1_112' title='bbox 515 1761 577 1848; x_wconf 76' lang='lat'>(2),</span> <span class='ocrx_word' id='word_1_113' title='bbox 591 1772 699 1848; x_wconf 91' lang='lat' dir='ltr'>utpote</span> <span class='ocrx_word' id='word_1_114' title='bbox 714 1762 763 1828; x_wconf 93' lang='lat' dir='ltr'>cui</span> <span class='ocrx_word' id='word_1_115' title='bbox 776 1764 885 1830; x_wconf 87' lang='lat' dir='ltr'>virtus.</span> 
     </span>
    </p>
   </div>
   <div class='ocr_carea' id='block_1_3' title="bbox 434 1929 1031 2002">
    <p class='ocr_par' dir='ltr' id='par_1_3' title="bbox 434 1929 1031 2002">
     <span class='ocr_line' id='line_1_15' title="bbox 434 1929 1031 2002; baseline 0.01 -18"><span class='ocrx_word' id='word_1_116' title='bbox 434 1930 464 1984; x_wconf 89' lang='lat' dir='ltr'>ln</span> <span class='ocrx_word' id='word_1_117' title='bbox 477 1936 546 1985; x_wconf 83' lang='lat' dir='ltr'>astra</span> <span class='ocrx_word' id='word_1_118' title='bbox 561 1935 588 1985; x_wconf 87' lang='lat' dir='ltr'>et</span> <span class='ocrx_word' id='word_1_119' title='bbox 597 1929 669 1998; x_wconf 85' lang='lat' dir='ltr'>ipsos</span> <span class='ocrx_word' id='word_1_120' title='bbox 682 1929 743 1987; x_wconf 86' lang='lat' dir='ltr'>iecit</span> <span class='ocrx_word' id='word_1_121' title='bbox 753 1930 786 1987; x_wconf 87' lang='lat' dir='ltr'>ad</span> <span class='ocrx_word' id='word_1_122' title='bbox 799 1945 911 1999; x_wconf 85' lang='lat' dir='ltr'>superos</span> <span class='ocrx_word' id='word_1_123' title='bbox 921 1933 969 1988; x_wconf 84' lang='lat' dir='ltr'>iter</span> <span class='ocrx_word' id='word_1_124' title='bbox 986 1934 1031 2002; x_wconf 78' lang='lat'>(3).</span> 
     </span>
    </p>
   </div>
   <div class='ocr_carea' id='block_1_4' title="bbox 158 2142 1314 2896">
    <p class='ocr_par' dir='ltr' id='par_1_4' title="bbox 160 2142 1313 2504">
     <span class='ocr_line' id='line_1_16' title="bbox 201 2142 1308 2221; baseline 0.001 -14"><span class='ocrx_word' id='word_1_125' title='bbox 201 2151 238 2219; x_wconf 83' lang='lat' dir='ltr'>(l)</span> <span class='ocrx_word' id='word_1_126' title='bbox 253 2153 326 2205; x_wconf 87' lang='lat' dir='ltr'>Hanc</span> <span class='ocrx_word' id='word_1_127' title='bbox 349 2148 403 2204; x_wconf 82' lang='lat' dir='ltr'>ritae</span> <span class='ocrx_word' id='word_1_128' title='bbox 422 2145 541 2203; x_wconf 83' lang='lat' dir='ltr'>Herculis</span> <span class='ocrx_word' id='word_1_129' title='bbox 562 2162 689 2203; x_wconf 83' lang='lat' dir='ltr'>summum</span> <span class='ocrx_word' id='word_1_130' title='bbox 711 2147 781 2216; x_wconf 91' lang='lat' dir='ltr'>apud</span> <span class='ocrx_word' id='word_1_131' title='bbox 795 2147 933 2204; x_wconf 76' lang='lat' dir='ltr'>Maximum</span> <span class='ocrx_word' id='word_1_132' title='bbox 958 2142 1066 2218; x_wconf 78' lang='lat' dir='ltr'>Tyrium</span> <span class='ocrx_word' id='word_1_133' title='bbox 1084 2152 1186 2220; x_wconf 77' lang='lat' dir='ltr'>(Orat.</span> <span class='ocrx_word' id='word_1_134' title='bbox 1201 2151 1308 2221; x_wconf 79' lang='lat' dir='ltr'>xxxrul</span> 
     </span>
     <span class='ocr_line' id='line_1_17' title="bbox 160 2245 1313 2317; baseline 0.002 -13"><span class='ocrx_word' id='word_1_135' title='bbox 160 2249 235 2313; x_wconf 90' lang='lat' dir='ltr'>vide;</span> <span class='ocrx_word' id='word_1_136' title='bbox 248 2249 293 2317; x_wconf 84' lang='lat' dir='ltr'>qui</span> <span class='ocrx_word' id='word_1_137' title='bbox 304 2262 334 2303; x_wconf 89' lang='lat' dir='ltr'>se</span> <span class='ocrx_word' id='word_1_138' title='bbox 347 2255 440 2303; x_wconf 89' lang='lat' dir='ltr'>contra</span> <span class='ocrx_word' id='word_1_139' title='bbox 453 2245 592 2301; x_wconf 80' lang='lat' dir='ltr'>Prodicum</span> <span class='ocrx_word' id='word_1_140' title='bbox 609 2245 719 2301; x_wconf 91' lang='lat' dir='ltr'>credere</span> <span class='ocrx_word' id='word_1_141' title='bbox 738 2246 852 2301; x_wconf 75' lang='lat' dir='ltr'>declarat</span> <span class='ocrx_word' id='word_1_142' title='bbox 866 2246 968 2316; x_wconf 75' lang='lat' dir='ltr'>(orat.</span> <span class='ocrx_word' id='word_1_143' title='bbox 983 2249 1028 2316; x_wconf 85' lang='lat' dir='ltr'>xv)</span> <span class='ocrx_word' id='word_1_144' title='bbox 1055 2268 1066 2296; x_wconf 72' lang='lat' dir='ltr'>r</span> <span class='ocrx_word' id='word_1_145' title='bbox 1087 2248 1175 2305; x_wconf 91' lang='lat' dir='ltr'>Virum</span> <span class='ocrx_word' id='word_1_146' title='bbox 1196 2265 1251 2305; x_wconf 91' lang='lat' dir='ltr'>uon</span> <span class='ocrx_word' id='word_1_147' title='bbox 1266 2266 1313 2307; x_wconf 85' lang='lat' dir='ltr'>ex-</span> 
     </span>
     <span class='ocr_line' id='line_1_18' title="bbox 160 2341 1312 2416; baseline 0.003 -16"><span class='ocrx_word' id='word_1_148' title='bbox 160 2354 262 2414; x_wconf 86' lang='lat' dir='ltr'>pertem</span> <span class='ocrx_word' id='word_1_149' title='bbox 280 2343 361 2400; x_wconf 84' lang='lat' dir='ltr'>luisse</span> <span class='ocrx_word' id='word_1_150' title='bbox 377 2342 515 2412; x_wconf 83' lang='lat' dir='ltr'>volupuus</span> <span class='ocrx_word' id='word_1_151' title='bbox 527 2359 534 2408; x_wconf 79' lang='lat'>3</span> <span class='ocrx_word' id='word_1_152' title='bbox 548 2343 595 2397; x_wconf 90' lang='lat' dir='ltr'>sed</span> <span class='ocrx_word' id='word_1_153' title='bbox 607 2341 674 2396; x_wconf 88' lang='lat' dir='ltr'>illius</span> <span class='ocrx_word' id='word_1_154' title='bbox 689 2351 775 2397; x_wconf 81' lang='lat' dir='ltr'>tumen</span> <span class='ocrx_word' id='word_1_155' title='bbox 796 2356 854 2414; x_wconf 84' lang='lat' dir='ltr'>quae</span> <span class='ocrx_word' id='word_1_156' title='bbox 872 2343 994 2399; x_wconf 85' lang='lat' dir='ltr'>nrirrute</span> <span class='ocrx_word' id='word_1_157' title='bbox 1008 2345 1105 2400; x_wconf 73' lang='lat' dir='ltr'>datura</span> <span class='ocrx_word' id='word_1_158' title='bbox 1129 2345 1216 2416; x_wconf 87' lang='lat' dir='ltr'>quod,</span> <span class='ocrx_word' id='word_1_159' title='bbox 1232 2357 1261 2403; x_wconf 86' lang='lat' dir='ltr'>ut</span> <span class='ocrx_word' id='word_1_160' title='bbox 1275 2348 1312 2403; x_wconf 87' lang='lat' dir='ltr'>vi-</span> 
     </span>
     <span class='ocr_line' id='line_1_19' title="bbox 160 2440 659 2504; baseline -0.01 -5"><span class='ocrx_word' id='word_1_161' title='bbox 160 2443 256 2504; x_wconf 83' lang='lat' dir='ltr'>dimus.</span> <span class='ocrx_word' id='word_1_162' title='bbox 269 2456 350 2496; x_wconf 86' lang='lat' dir='ltr'>nona</span> <span class='ocrx_word' id='word_1_163' title='bbox 365 2440 478 2496; x_wconf 83' lang='lat' dir='ltr'>Prodico</span> <span class='ocrx_word' id='word_1_164' title='bbox 490 2440 623 2496; x_wconf 87' lang='lat' dir='ltr'>abnuitur.</span> <span class='ocrx_word' id='word_1_165' title='bbox 648 2461 659 2487; x_wconf 71' lang='grc' dir='ltr'>ι»</span> 
     </span>
    </p>

    <p class='ocr_par' dir='ltr' id='par_1_5' title="bbox 200 2537 670 2610">
     <span class='ocr_line' id='line_1_20' title="bbox 200 2537 670 2610; baseline -0.009 -14"><span class='ocrx_word' id='word_1_166' title='bbox 200 2543 234 2609; x_wconf 68' lang='lat' dir='ltr'>ti)</span> <span class='ocrx_word' id='word_1_167' title='bbox 250 2539 374 2610; x_wconf 88' lang='lat' dir='ltr'>Sophocl.</span> <span class='ocrx_word' id='word_1_168' title='bbox 389 2539 525 2600; x_wconf 78' lang='lat' dir='ltr'>Trachin.</span> <span class='ocrx_word' id='word_1_169' title='bbox 544 2542 575 2597; x_wconf 86' lang='lat' dir='ltr'>V.</span> <span class='ocrx_word' id='word_1_170' title='bbox 592 2537 670 2594; x_wconf 76' lang='lat' dir='ltr'>aaut.</span> 
     </span>
    </p>

    <p class='ocr_par' dir='ltr' id='par_1_6' title="bbox 158 2626 1314 2806">
     <span class='ocr_line' id='line_1_21' title="bbox 200 2626 1314 2707; baseline 0.002 -14"><span class='ocrx_word' id='word_1_171' title='bbox 200 2639 234 2707; x_wconf 78' lang='lat'>(3)</span> <span class='ocrx_word' id='word_1_172' title='bbox 249 2640 343 2693; x_wconf 87' lang='lat' dir='ltr'>Sencc.</span> <span class='ocrx_word' id='word_1_173' title='bbox 353 2636 470 2693; x_wconf 84' lang='lat' dir='ltr'>Hercul.</span> <span class='ocrx_word' id='word_1_174' title='bbox 484 2639 547 2690; x_wconf 81' lang='grc' dir='ltr'><em>ΟΕι.</em></span> <span class='ocrx_word' id='word_1_175' title='bbox 557 2643 607 2689; x_wconf 84' lang='lat' dir='ltr'>act.</span> <span class='ocrx_word' id='word_1_176' title='bbox 621 2626 649 2695; x_wconf 81' lang='lat' dir='ltr'>V.</span> <span class='ocrx_word' id='word_1_177' title='bbox 660 2633 841 2703; x_wconf 50' lang='lat' dir='ltr'>tiliaequ-</span> <span class='ocrx_word' id='word_1_178' title='bbox 851 2634 890 2689; x_wconf 76' lang='lat' dir='ltr'>Cf.</span> <span class='ocrx_word' id='word_1_179' title='bbox 905 2635 1314 2707; x_wconf 63' lang='lat' dir='ltr'>nuonntuologepigrammat.</span> 
     </span>
     <span class='ocr_line' id='line_1_22' title="bbox 158 2722 982 2806; baseline -0.001 -26"><span class='ocrx_word' id='word_1_180' title='bbox 158 2732 181 2799; x_wconf 62' lang='grc'>1,</span> <span class='ocrx_word' id='word_1_181' title='bbox 197 2751 224 2806; x_wconf 79' lang='lat' dir='ltr'>p,</span> <span class='ocrx_word' id='word_1_182' title='bbox 239 2735 288 2790; x_wconf 71' lang='lat'>21:</span> <span class='ocrx_word' id='word_1_183' title='bbox 303 2737 377 2789; x_wconf 73' lang='grc' dir='ltr'>Τίνας</span> <span class='ocrx_word' id='word_1_184' title='bbox 390 2737 419 2780; x_wconf 77' lang='grc' dir='ltr'>ἀν</span> <span class='ocrx_word' id='word_1_185' title='bbox 432 2735 513 2793; x_wconf 71' lang='grc' dir='ltr'><strong><em>λόγους</em></strong></span> <span class='ocrx_word' id='word_1_186' title='bbox 524 2735 585 2780; x_wconf 80' lang='grc' dir='ltr'><strong><em>εἴποι</em></strong></span> <span class='ocrx_word' id='word_1_187' title='bbox 598 2738 655 2797; x_wconf 72' lang='lat' dir='ltr'>Epa,</span> <span class='ocrx_word' id='word_1_188' title='bbox 666 2722 982 2797; x_wconf 64' lang='grc' dir='ltr'>ἀποθεοθέντοςἮρακλέους.</span> 
     </span>
    </p>

    <p class='ocr_par' dir='ltr' id='par_1_7' title="bbox 504 2827 806 2896">
     <span class='ocr_line' id='line_1_23' title="bbox 504 2827 806 2896; baseline -0.003 -20"><span class='ocrx_word' id='word_1_189' title='bbox 504 2835 546 2884; x_wconf 62' lang='lat' dir='ltr'>Eric</span> <span class='ocrx_word' id='word_1_190' title='bbox 556 2827 637 2896; x_wconf 60' lang='lat' dir='ltr'>cipri-Kc</span> <span class='ocrx_word' id='word_1_191' title='bbox 645 2827 724 2894; x_wconf 66' lang='grc' dir='ltr'>ἱδρῶτι</span> <span class='ocrx_word' id='word_1_192' title='bbox 734 2831 806 2882; x_wconf 68' lang='lat' dir='ltr'>aral.</span> 
     </span>
    </p>
   </div>
   <div class='ocr_carea' id='block_1_5' title="bbox 157 2889 1415 3097">
    <p class='ocr_par' dir='ltr' id='par_1_8' title="bbox 157 2889 1415 3097">
     <span class='ocr_line' id='line_1_24' title="bbox 157 2889 1415 3009; baseline -0.013 -20"><span class='ocrx_word' id='word_1_193' title='bbox 157 2947 220 2989; x_wconf 86' lang='lat' dir='ltr'>cum</span> <span class='ocrx_word' id='word_1_194' title='bbox 231 2934 284 2987; x_wconf 84' lang='lat' dir='ltr'>hoc</span> <span class='ocrx_word' id='word_1_195' title='bbox 296 2929 400 2985; x_wconf 83' lang='lat' dir='ltr'>Brodaei</span> <span class='ocrx_word' id='word_1_196' title='bbox 423 2923 629 2980; x_wconf 85' lang='lat' dir='ltr'>commentario:</span> <span class='ocrx_word' id='word_1_197' title='bbox 654 2944 665 2971; x_wconf 72' lang='lat' dir='ltr'>u</span> <span class='ocrx_word' id='word_1_198' title='bbox 686 2924 813 2992; x_wconf 79' lang='lat' dir='ltr'>Excerpta</span> <span class='ocrx_word' id='word_1_199' title='bbox 826 2932 887 2980; x_wconf 88' lang='lat' dir='ltr'>snut</span> <span class='ocrx_word' id='word_1_200' title='bbox 899 2926 955 2982; x_wconf 85' lang='lat' dir='ltr'>haec</span> <span class='ocrx_word' id='word_1_201' title='bbox 968 2940 999 2982; x_wconf 84' lang='lat' dir='ltr'>er</span> <span class='ocrx_word' id='word_1_202' title='bbox 1012 2889 1084 2984; x_wconf 86' lang='lat' dir='ltr'>ealce</span> <span class='ocrx_word' id='word_1_203' title='bbox 1103 2929 1189 2986; x_wconf 87' lang='lat' dir='ltr'>ultimi</span> <span class='ocrx_word' id='word_1_204' title='bbox 1205 2935 1314 3004; x_wconf 77' lang='lat' dir='ltr'>Pythio-</span> <span class='ocrx_word' id='word_1_205' title='bbox 1411 3000 1415 3009; x_wconf 31' lang='grc' dir='ltr'>Ι</span> 
     </span>
     <span class='ocr_line' id='line_1_25' title="bbox 158 3019 1311 3097; baseline -0.01 -10"><span class='ocrx_word' id='word_1_206' title='bbox 158 3045 219 3086; x_wconf 89' lang='lat' dir='ltr'>rum</span> <span class='ocrx_word' id='word_1_207' title='bbox 233 3026 332 3097; x_wconf 84' lang='lat' dir='ltr'>hymni,</span> <span class='ocrx_word' id='word_1_208' title='bbox 343 3038 402 3095; x_wconf 83' lang='lat' dir='ltr'>quae</span> <span class='ocrx_word' id='word_1_209' title='bbox 424 3021 457 3076; x_wconf 89' lang='lat' dir='ltr'>ad</span> <span class='ocrx_word' id='word_1_210' title='bbox 472 3019 576 3077; x_wconf 82' lang='lat' dir='ltr'>Prodici</span> <span class='ocrx_word' id='word_1_211' title='bbox 589 3019 727 3076; x_wconf 82' lang='lat' dir='ltr'>Herculem</span> <span class='ocrx_word' id='word_1_212' title='bbox 740 3019 851 3081; x_wconf 72' lang='lat' dir='ltr'>fortune</span> <span class='ocrx_word' id='word_1_213' title='bbox 867 3022 1007 3092; x_wconf 81' lang='lat' dir='ltr'>pertinent.</span> <span class='ocrx_word' id='word_1_214' title='bbox 1028 3054 1057 3071; x_wconf 85' lang='lat'>.-</span> <span class='ocrx_word' id='word_1_215' title='bbox 1073 3029 1116 3092; x_wconf 82' lang='grc' dir='ltr'>Ει,</span> <span class='ocrx_word' id='word_1_216' title='bbox 1135 3027 1200 3086; x_wconf 83' lang='lat' dir='ltr'>ibid.</span> <span class='ocrx_word' id='word_1_217' title='bbox 1217 3031 1311 3089; x_wconf 59' lang='lat' dir='ltr'>inem</span> 
     </span>
    </p>
   </div>
   <div class='ocr_carea' id='block_1_6' title="bbox 160 3128 316 3183">
    <p class='ocr_par' dir='ltr' id='par_1_9' title="bbox 160 3128 316 3183">
     <span class='ocr_line' id='line_1_26' title="bbox 160 3128 316 3183; baseline 0.026 -6"><span class='ocrx_word' id='word_1_218' title='bbox 160 3132 198 3183; x_wconf 82' lang='grc' dir='ltr'>Εἰς</span> <span class='ocrx_word' id='word_1_219' title='bbox 209 3131 236 3178; x_wconf 67' lang='grc' dir='ltr'>τὸ</span> <span class='ocrx_word' id='word_1_220' title='bbox 250 3128 316 3180; x_wconf 72' lang='grc' dir='ltr'><strong><em>αὐτὸ.</em></strong></span> 
     </span>
    </p>
   </div>
   <div class='ocr_carea' id='block_1_7' title="bbox 520 3215 928 3284">
    <p class='ocr_par' dir='ltr' id='par_1_10' title="bbox 520 3215 928 3284">
     <span class='ocr_line' id='line_1_27' title="bbox 520 3215 928 3284; baseline 0.012 -22"><span class='ocrx_word' id='word_1_221' title='bbox 520 3218 557 3265; x_wconf 81' lang='grc' dir='ltr'>Σοὶ</span> <span class='ocrx_word' id='word_1_222' title='bbox 568 3220 635 3284; x_wconf 73' lang='grc' dir='ltr'><em>χάριν</em></span> <span class='ocrx_word' id='word_1_223' title='bbox 645 3215 768 3269; x_wconf 61' lang='grc' dir='ltr'><strong>ἐξετέλεσσε</strong></span> <span class='ocrx_word' id='word_1_224' title='bbox 780 3219 847 3272; x_wconf 76' lang='grc' dir='ltr'><strong><em>πόνος</em></strong></span> <span class='ocrx_word' id='word_1_225' title='bbox 862 3221 928 3270; x_wconf 59' lang='grc' dir='ltr'>κτὰ.</span> 
     </span>
    </p>
   </div>
   <div class='ocr_carea' id='block_1_8' title="bbox 160 3309 1241 3482">
    <p class='ocr_par' dir='ltr' id='par_1_11' title="bbox 160 3309 1241 3482">
     <span class='ocr_line' id='line_1_28' title="bbox 160 3309 707 3391; baseline -0.026 -15"><span class='ocrx_word' id='word_1_226' title='bbox 160 3318 246 3391; x_wconf 79' lang='lat' dir='ltr'>illdit.</span> <span class='ocrx_word' id='word_1_227' title='bbox 259 3317 375 3374; x_wconf 86' lang='lat' dir='ltr'>Froben.</span> <span class='ocrx_word' id='word_1_228' title='bbox 386 3312 462 3372; x_wconf 85' lang='lat' dir='ltr'>Basil.</span> <span class='ocrx_word' id='word_1_229' title='bbox 480 3323 606 3368; x_wconf 74' lang='lat' dir='ltr'>numu</span> <span class='ocrx_word' id='word_1_230' title='bbox 623 3309 707 3376; x_wconf 86' lang='lat' dir='ltr'>in·l⁰).</span> 
     </span>
     <span class='ocr_line' id='line_1_29' title="bbox 198 3404 1241 3482; baseline 0.009 -13"><span class='ocrx_word' id='word_1_231' title='bbox 198 3415 255 3470; x_wconf 89' lang='lat' dir='ltr'>vid.</span> <span class='ocrx_word' id='word_1_232' title='bbox 269 3412 303 3468; x_wconf 86' lang='lat' dir='ltr'>ad</span> <span class='ocrx_word' id='word_1_233' title='bbox 315 3412 393 3482; x_wconf 78' lang='lat' dir='ltr'>huius</span> <span class='ocrx_word' id='word_1_234' title='bbox 404 3409 465 3467; x_wconf 86' lang='lat' dir='ltr'>libri</span> <span class='ocrx_word' id='word_1_235' title='bbox 478 3407 576 3464; x_wconf 88' lang='lat' dir='ltr'>calcem</span> <span class='ocrx_word' id='word_1_236' title='bbox 586 3405 725 3476; x_wconf 79' lang='lat' dir='ltr'>appendic.</span> <span class='ocrx_word' id='word_1_237' title='bbox 738 3407 772 3462; x_wconf 87' lang='lat' dir='ltr'>dc</span> <span class='ocrx_word' id='word_1_238' title='bbox 783 3404 902 3465; x_wconf 83' lang='lat' dir='ltr'>Herculis</span> <span class='ocrx_word' id='word_1_239' title='bbox 911 3407 1026 3467; x_wconf 88' lang='lat' dir='ltr'>Prodicii</span> <span class='ocrx_word' id='word_1_240' title='bbox 1040 3414 1241 3478; x_wconf 86' lang='lat' dir='ltr'>imitationibus.</span> 
     </span>
    </p>
   </div>
   <div class='ocr_carea' id='block_1_9' title="bbox 0 0 1482 4746">
    <p class='ocr_par' dir='ltr' id='par_1_12' title="bbox 0 0 1482 4746">
     <span class='ocr_line' id='line_1_30' title="bbox 0 0 1482 4746; baseline 0 0"><span class='ocrx_word' id='word_1_241' title='bbox 0 0 1482 4746; x_wconf 95' lang='lat' dir='ltr'> </span> 
     </span>
    </p>
   </div>
  </div>
 </body>
</html>
