2946 4746
639 322 693 354 “-
713 315 751 370 82
772 336 811 354 ··-⁸

158 439 324 525 Scripturae
342 439 471 517 babent,
492 438 708 524 explanandis
732 437 791 504 sibi
812 438 943 504 asseruit
966 438 1014 528 (1).
1038 439 1119 506 Hinc
1142 441 1239 506 etiam
1261 432 1315 507 ri*

13 588 20 601 ·
118 586 122 603 ι
158 553 272 619 dentur
290 572 360 619 esse
380 552 480 619 efficta
502 572 570 637 quae
592 551 706 617 cecinit
728 551 940 619 Nazianzenus
963 552 1002 618 de
1023 552 1157 638 quodam
1181 555 1315 621 somnio

157 649 215 732 suo
237 665 326 750 cujus
345 664 395 731 bis
411 664 568 747 meminit,
594 674 626 731 et
639 664 672 729 in
686 684 748 750 quo
766 664 843 732 vidit
860 664 1104 733 sanctimoniam
1125 668 1260 747 (Ap-rem)
1278 678 1314 734 et

158 778 412 865 Temperantiam
445 778 626 861 (Σωφροσύνην)
653 777 712 843 sibi
741 777 906 862 loquentes
932 780 945 856 (
957 778 1012 851 ἢ).
1035 778 1115 845 Hinc
1138 800 1315 847 manavere

157 892 281 979 quoque
302 914 370 979 quae
392 894 431 960 de
454 894 555 960 tribus
579 893 650 960 vitae
665 892 827 959 ordinibus
849 892 966 959 ibidem
986 905 1070 962 sunt.
1097 895 1154 962 His
1177 897 1312 962 tandem

158 1026 286 1092 prorsus
308 1017 382 1073 sunt
404 1007 519 1074 similia
539 1027 608 1092 quae
629 1006 680 1073 Jo,
697 1005 839 1073 Stobaeus
857 1018 1001 1092 excerpta
1019 1007 1113 1074 habet
1127 1029 1166 1076 ex
1187 1010 1316 1077 Teletis·

158 1118 238 1186 libro
263 1120 303 1186 de
323 1120 556 1207 comparatione
577 1119 756 1186 divitiarum
780 1131 812 1185 et
835 1119 978 1202 virtutis,
996 1120 1068 1203 ubi,
1096 1133 1130 1188 ut
1151 1134 1199 1189 est
1224 1126 1312 1209 apud

158 1231 419 1317 Aristophanem,
443 1231 572 1311 Plutus,
600 1231 666 1296 suis
693 1229 837 1297 laudibus
861 1230 1056 1317 praedicatis,
1086 1252 1198 1301 omncs
1222 1235 1312 1301 Deos

158 1363 305 1428 superare
323 1344 383 1411 sibi
396 1345 520 1411 ridetur
536 1344 596 1430 (3).

202 1456 361 1524 Hactenus
374 1458 413 1525 de
432 1458 547 1524 Grecis
564 1478 570 1516 ε
593 1476 696 1542 noque
706 1457 809 1524 minor
818 1457 901 1543 apud
914 1459 1043 1531 Latinos
1055 1459 1238 1544 admiratio,
1252 1483 1313 1530 ne-

158 1588 219 1654 que
231 1570 360 1656 segnius
371 1571 515 1638 imitandi
525 1570 677 1638 studium.
690 1569 838 1636 Varronis
850 1570 1000 1638 Hercules
1010 1571 1185 1639 Socraticus
1196 1594 1311 1660 saepea

158 1682 260 1749 Nonio
273 1683 418 1750 Marcello
430 1694 695 1750 commemoratur
709 1684 757 1773 (l)
770 1715 781 1764 ·,
801 1696 894 1769 atque
911 1704 950 1751 ex
964 1685 1066 1751 allatis
1086 1685 1162 1752 locis
1176 1701 1313 1772 apparet
1350 1702 1354 1710 ’

158 1796 379 1883 huncquoque
391 1797 557 1865 Herculem
572 1798 610 1863 ad
622 1792 745 1863 Prodici
762 1796 899 1863 subulam
924 1818 993 1865 esso
1017 1799 1227 1866 referendum.
1255 1802 1313 1868 Bis

160 1910 305 1978 camdem
319 1930 359 1977 ex
372 1911 581 1998 Xenophonte
601 1909 732 1976 adscivit
754 1909 877 1976 Tullius
897 1912 942 1995 (5)
961 1921 1054 1996 atque
1079 1911 1111 1977 in
1133 1912 1251 1979 virtute
1279 1892 1314 1980 et

158 2024 317 2110 voluptate
332 2023 541 2109 depingendis
554 2022 692 2108 respexit
706 2022 825 2089 Seneca
840 2023 897 2108 (6),
917 2022 1072 2090 eteoclem
1086 2024 1148 2090 lere
1162 2037 1312 2111 temporo

160 2136 307 2219 Persius,
324 2136 377 2202 ubi
393 2136 469 2203 dicit
482 2146 583 2202 semet
604 2134 742 2220 Cornuto
761 2136 980 2223 supposuisse,

307 2277 425 2346 cumque
439 2277 488 2332 iter
497 2277 647 2346 ambiguum
659 2286 699 2331 est
711 2284 738 2331 et
747 2276 804 2331 ritae
818 2276 921 2332 nescius
933 2291 1010 2332 error

307 2373 413 2431 Diducit
425 2373 541 2444 trepidas
553 2389 656 2430 ramora
668 2373 695 2428 in
709 2374 822 2443 compita
832 2383 934 2429 mentes
952 2373 999 2442 (7).

160 2496 258 2564 Paulo
273 2507 345 2564 ante
361 2510 393 2564 ct
408 2516 442 2562 se
458 2486 593 2562 tinxerat
601 2495 730 2563 Ovidius
745 2495 958 2581 ambigentem
970 2499 1051 2578 qood
1064 2517 1123 2561 roa
1137 2517 1227 2560 masa
1239 2502 1310 2562 ino-

159 2608 242 2677 oerct
256 2632 333 2694 opos
346 2611 403 2695 (8),
419 2611 494 2676 hinc
512 2610 600 2675 illinc
613 2609 652 2675 ab
666 2610 793 2695 Elegeia
806 2620 898 2695 atque
914 2609 1079 2694 Tragoedia
1106 2594 1313 2678 sollicitatum

161 2735 193 2791 et
205 2744 239 2790 se
251 2725 344 2811 priori
358 2726 391 2789 in
407 2724 555 2810 exiguum
573 2737 712 2808 tempus,
738 2723 902 2808 posteriori
930 2725 962 2788 in
989 2734 1141 2790 aeternum
1162 2723 1308 2791 dantem.

202 2915 236 2982 (l)
259 2915 364 2967 Hamil.
379 2913 431 2967 inl
444 2913 548 2980 psalm.
565 2906 650 2979 p.'95‚
666 2914 697 2964 T.
715 2925 734 2965 1.

202 3016 234 3082 (2)
257 3013 388 3069 carmin.
415 3027 475 3067 xnv.
500 3016 542 3067 De
561 3010 669 3066 Animae
688 3021 748 3064 sate
768 3010 992 3066 calamitatibus
1009 3013 1096 3075 oppos,
1119 3022 1141 3062 v.
1162 3009 1225 3073 229,
1246 3026 1313 3082 sqq.-

162 3127 188 3182 p.
204 3111 268 3174 oet,
283 3114 315 3165 r.
331 3125 363 3166 11.
666 3084 672 3099 ’
721 3108 725 3117 ’

203 3211 236 3278 (3)
258 3208 281 3264 J.
297 3209 371 3264 Stob.
386 3212 479 3263 Serra.
495 3221 604 3269 nmis,
620 3220 645 3274 p.
662 3191 723 3262 tot.
743 3244 747 3253 .

202 3307 236 3375 (b)
257 3305 323 3362 Sub.
336 3320 394 3361 roc.
408 3305 546 3368 sutrina,
562 3309 687 3373 Tapete,
702 3311 791 3372 atque,
805 3301 828 3356 si
841 3302 892 3357 boc
904 3300 1050 3370 opusidem
1072 3314 1131 3356 ease
1158 3285 1266 3369 plicetur
1280 3313 1310 3357 et

162 3403 235 3474 quod
244 3403 438 3458 inscribebatur
451 3403 553 3469 upsalia
566 3415 614 3456 sen
625 3401 771 3461 Hercules.
786 3397 839 3457 rid.
853 3398 904 3454 sab
914 3399 1000 3453 rorib.
1017 3403 1147 3455 Tutunus
1162 3399 1311 3466 Tutilina.

166 3507 261 3569 Vapas
277 3516 333 3568 pro
346 3498 471 3568 vagaris
482 3505 509 3553 et
523 3499 620 3553 celox.
638 3497 689 3551 Sed
703 3496 835 3564 praeripue
854 3494 1083 3550 animadvertenda
1093 3509 1152 3563 quae
1170 3496 1221 3552 sub
1247 3512 1309 3556 voc.

165 3603 273 3666 Tarraca
289 3606 316 3652 et
335 3597 423 3651 Cetox
443 3595 583 3662 leguntar3
598 3606 710 3662 namque
737 3592 770 3647 de
793 3592 912 3646 oratione
937 3587 1082 3658 Voluptatis
1105 3600 1229 3661 excerpta
1250 3609 1313 3650 cre-

164 3695 251 3750 derer.
963 3689 969 3700 ’

203 3793 236 3860 (5)
259 3791 347 3859 Epist.
359 3789 453 3860 famil.
468 3802 492 3843 v.
508 3787 561 3851 123
578 3787 613 3840 de
627 3786 706 3857 offic.
724 3785 755 3848 1,
768 3785 818 3850 323
833 3785 877 3841 ubi
892 3799 915 3840 r.
929 3784 962 3841 cl.
975 3786 998 3838 J.
1013 3785 1044 3839 V.
1059 3785 1167 3842 Leclerc
1177 3795 1234 3841 not.
1250 3790 1304 3846 rid.

203 3889 238 3957 (6)
262 3892 303 3942 De
316 3886 371 3943 Vit.
388 3891 469 3942 Beat.
483 3898 533 3940 vn.

203 3983 238 4054 (7)
257 3990 320 4039 sat.
335 3985 363 4037 V.
379 3978 568 4040 atas-vta.
583 3987 637 4034 not.
654 3980 687 4033 Is.
705 3979 816 4034 casaub.
828 3993 854 4047 p.
870 3977 931 4033 377.
949 3977 1032 4035 Paris.
1046 3979 1155 4036 Hieron.
1168 3982 1308 4049 Drouart‚

164 4096 265 4138 nncxv.
280 4060 401 4136 in·80.-
416 4078 455 4134 cl.
470 4082 534 4133 Sat,
549 4078 593 4143 lll,
607 4074 700 4138 tato,
714 4074 748 4130 de
761 4075 855 4129 Littera
869 4073 1037 4143 Pythagorica
1050 4085 1077 4131 et
1089 4077 1123 4132 de
1134 4060 1228 4134 eadem
1239 4094 1313 4137 non-

164 4191 298 4247 nunquam
307 4175 467 4244 adscriptum
480 4172 586 4240 Virgilio
598 4173 748 4241 Epipram.

203 4275 237 4344 (a)
257 4278 352 4330 amor.
369 4272 416 4328 tu.
431 4253 483 4337 in,
499 4271 542 4327 5..
