2946 4746
654 349 810 406 -68-

4 504 6 509 ·
58 446 71 530 s
168 481 314 568 oprniono
337 479 530 565 Leucippus,
554 479 592 545 de
612 500 672 565 qua
687 479 809 546 abunde
824 479 855 544 in
873 482 1022 574 Theeteto
1045 480 1235 566 disputatur,
1252 466 1307 548 ubi
1334 543 1341 555 ,

129 628 131 633 ·
167 595 312 662 dicuntur
323 592 449 679 quidem
467 618 483 653 u
499 591 605 677 ignota
620 612 689 659 csso
705 593 881 678 elementa,
899 591 953 659 scd
965 603 1069 658 tamen
1082 594 1228 661 sensibus
1238 615 1310 681 per·

165 706 319 797 cipienda.
332 731 347 766 u
360 706 412 788 (11.
426 704 489 771 Sed
500 704 533 769 in
547 703 706 788 omnibus,
718 724 787 791 qum
798 702 933 788 exstant,
947 725 1114 791 graecarum
1130 707 1307 775 litterarum

166 818 401 902 monumentis,
425 816 503 883 nihil
518 819 624 904 utique
639 830 688 886 est
702 819 755 886 ubi
772 818 847 885 illud
863 820 1088 905 quorumdam,
1110 832 1145 888 ut
1167 822 1311 907 loquitur

128 909 131 917 Ι
165 933 325 1013 Socrates,
348 929 506 997 somnium
524 932 655 999 Prodico
667 930 870 999 adscribatur.
889 932 967 998 Huic
979 932 1074 1022 igitur
1085 934 1226 1020 opinioni
1240 955 1305 1002 non

164 1042 287 1109 vidctur
304 1041 421 1108 diutius
435 1041 679 1111 immorandum.

208 1159 276 1225 Non
287 1159 387 1245 magis
399 1179 467 1244 quae
478 1159 609 1226 Prodico
624 1159 662 1226 dc
675 1170 740 1225 arto
754 1159 887 1225 oratoria
896 1158 1052 1245 placuere,
1068 1172 1167 1228 artem
1180 1162 1307 1249 sophis·

164 1271 257 1338 ticam
272 1273 425 1340 redolent.
441 1273 640 1339 Rhetoricam
662 1270 831 1338 deliniebat
846 1299 860 1332 o
877 1277 939 1338 cim
953 1293 1013 1338 esse
1035 1278 1186 1340 orationis
1207 1280 1241 1340 irc
1256 1280 1305 1342 ltis

163 1407 231 1468 quur
243 1391 385 1469 opposito
403 1390 445 1452 od
455 1389 705 1468 persuadendum
716 1388 881 1451 uideantur
895 1412 910 1446 u
926 1385 973 1466 (2)
987 1439 995 1469 ,
1011 1387 1111 1454 tribus
1122 1378 1306 1456 describens

162 1498 265 1564 uerbis
280 1499 353 1584 quid
371 1499 424 1583 sit,
439 1499 513 1585 quid
531 1499 643 1565 efficiat
664 1509 769 1584 etqua
783 1497 842 1565 uia.
860 1498 915 1565 Vis
929 1509 997 1582 est,
1022 1500 1100 1583 sive,
1116 1511 1152 1566 ut
1165 1501 1306 1586 loquitur

163 1612 438 1698 ipseAristoteles,
463 1613 527 1679 sere
541 1612 672 1679 Prodico
696 1612 728 1677 in
756 1612 816 1679 hoc
835 1612 1032 1696 assentiens,
1053 1623 1192 1700 potestas
1217 1615 1304 1701 (rpris

163 1727 293 1812 uegetl)
307 1746 376 1812 quae
390 1737 488 1810 tanta,
506 1738 631 1813 tamque
648 1725 734 1792 utilis
749 1736 809 1809 est,
824 1737 859 1792 ut
873 1726 956 1792 inter
973 1727 1143 1813 praecipuas
1163 1728 1305 1822 hominis

162 1840 324 1906 facultates
349 1859 418 1906 cam
434 1840 487 1906 ille
512 1839 664 1926 posuerit,
687 1849 779 1926 atque
798 1859 837 1904 ex
856 1837 963 1925 injusti
987 1835 1064 1906 usus
1084 1840 1215 1908 crimino
1241 1841 1302 1908 sibi

161 1934 332 2041 sumpserit
358 1953 496 2020 eximere
523 1952 584 2039 (3).
611 1953 713 2038 Ipsius
735 1963 840 2019 autern
855 1952 924 2036 via,
945 1953 1043 2019 oratio
1066 1954 1179 2020 rationi
1193 1955 1300 2022 innixa

162 2066 297 2152 (λόγος),
315 2086 375 2152 qua
397 2065 567 2132 dialectice
584 2065 763 2150 respondet,
787 2064 928 2151 ejusdem
951 2085 1089 2153 propago
1112 2076 1145 2134 ct
1167 2068 1299 2154 effigies.

160 2179 273 2269 Munus
296 2199 360 2245 non
375 2189 424 2246 est
438 2179 649 2265 persuadere,
677 2178 733 2245 sed
756 2177 953 2244 considerare
975 2178 1050 2264 quid
1074 2179 1216 2247 rideatur
1230 2201 1302 2248 esse

160 2290 309 2357 idoneum
326 2290 365 2357 ad
381 2290 555 2357 faciendam
571 2290 677 2357 fidem.
695 2289 762 2355 Hoc
776 2308 851 2356 sane
870 2289 1047 2376 Euripides,
1062 2310 1157 2378 quem
1175 2292 1301 2360 Prodici

159 2404 313 2490 precipue
340 2403 474 2471 oratoria
503 2401 700 2469 institutione
722 2421 815 2469 usum
843 2401 939 2468 luisse
964 2403 1102 2487 tradunt,
1127 2404 1238 2471 habuit
1269 2405 1301 2472 in

159 2527 278 2600 mente,
296 2515 349 2582 ubi
365 2515 479 2582 cecinit
496 2541 511 2576 u
529 2514 651 2581 nullum
673 2533 743 2581 esse
766 2513 901 2580 suadelae
916 2514 1082 2600 templum,
1098 2525 1211 2602 praeter
1232 2537 1304 2584 ora·

159 2629 277 2696 tionem
290 2629 351 2716 (l).
372 2657 386 2687 a
407 2627 503 2715 Cujus
513 2628 609 2715 janua
620 2637 668 2695 est
679 2625 857 2710 Rhetorica,
869 2645 929 2712 qua
941 2626 1072 2712 lacilior,
1082 2630 1226 2715 quamvis
1235 2651 1301 2698 non

159 2765 254 2825 unus,
270 2744 441 2830 ingressus.

203 2858 260 2925 His
274 2877 348 2924 vero
362 2857 481 2924 inclusa
505 2856 649 2923 terminis
671 2875 721 2923 ars
744 2876 807 2922 non
824 2877 881 2922 suo
891 2855 962 2942 jure
982 2855 1099 2944 majora
1121 2859 1300 2945 promittit,
1332 2939 1336 2947 Ι

44 3037 49 3049 ,
159 2972 227 3056 sed,
244 2971 270 3038 si
287 2969 475 3058 persuadere
489 2969 631 3044 officinm¹
646 2989 738 3036 suum
753 2989 822 3036 esse
840 2969 1032 3055 profiteatur,
1052 2962 1302 3057 repugnantibus

158 3084 240 3151 inter
251 3104 285 3151 se
296 3083 484 3171 conjunctis,
498 3102 554 3169 pro
566 3080 743 3168 eloquentia
753 3080 849 3167 accipi
860 3081 947 3165 nolit,
962 3101 1068 3167 quam,
1085 3081 1166 3149 sicut
1176 3085 1299 3170 poesim

159 3208 191 3265 et
200 3196 350 3284 quidquid
365 3207 474 3262 natura
483 3193 641 3278 tribuitur,
656 3194 759 3262 doceri
773 3214 836 3261 non
847 3212 1024 3280 possumus.
1036 3193 1144 3280 ltaque
1155 3195 1298 3282 Gorgias,

157 3309 223 3397 qui,
240 3309 322 3396 apud
336 3310 512 3392 Platonem,
530 3307 745 3375 definitionem
759 3306 868 3397 probat
886 3324 968 3390 eam,
984 3326 1052 3392 quae
1066 3307 1184 3394 placuit
1206 3309 1310 3378 Tisiae.

158 3418 340 3506 Coraoique,
370 3447 385 3482 u
413 3421 629 3488 Persuasionis
652 3441 723 3489 esse
747 3421 935 3488 rhetoricam
957 3423 1107 3491 artificem
1131 3450 1146 3486 n
1171 3426 1239 3511 (ὅ),
1265 3427 1299 3493 in

195 3634 229 3702 (1)
251 3639 286 3684 Τὰ
295 3637 337 3697 μὲν
347 3643 448 3697 στοιχεῖα
460 3637 536 3695 ἄλογα
547 3636 584 3683 καὶ
599 3639 700 3695 danum
712 3635 778 3693 εἶναι,
794 3638 889 3688 αἰσθητὰ
900 3624 933 3686 δέ.
949 3638 1080 3692 Tueoecet.
1096 3635 1161 3700 139,
1176 3640 1214 3702 Ε,
1229 3640 1299 3696 F.-

158 3731 263 3789 consul.
281 3735 303 3788 r.
319 3731 352 3787 cl.
373 3729 469 3788 cousin
488 3745 555 3786 vers.
575 3730 662 3801 gallic.
682 3739 826 3801 argument.
845 3734 877 3786 Τ.
893 3734 927 3790 ll.

197 3832 230 3900 (1)
253 3831 379 3900 luorrym.
391 3831 583 3897 Prolepomen.
593 3833 756 3896 1111111111,
766 3829 1187 3902 111111511111311,1118111101,
1196 3850 1223 3906 p.
1234 3835 1297 3901 173,

157 3928 218 3984 113.
717 3991 721 3996 ,

196 4025 228 4092 (31
251 4024 357 4081 Aristot.
372 4023 511 4080 ltdetoric.
527 4007 627 4085 1.1‚a.

151 4181 154 4187 ,
192 4122 224 4188 (Cr)
247 4121 364 4190 Euripid.
374 4122 505 4190 Antipera.
520 4119 589 4190 apud
601 4117 733 4188 1111111111.
747 4124 817 4175 don.
830 4134 854 4174 v.
871 4119 949 4175 1391.
985 4152 987 4159 ‹

194 4219 229 4285 (5)
250 4223 334 4287 Gorp.
348 4218 489 4282 2811-
503 4216 541 4274 cl.
556 4217 1043 4291 1110111111.1101110111111111111119.
1059 4225 1211 4290 rhetoric,
1224 4240 1250 4296 p.
1268 4225 1294 4282 8.

155 4315 223 4372 uuir.
239 4315 324 4373 uldin.
339 4314 419 4373 1509.
