2946 4746
649 331 808 391 ...(5..

158 471 268 545 batur,
285 466 424 554 asperius
440 465 472 531 in
493 463 696 551 philosophos
710 462 851 528 saevitum
869 471 936 545 est,
954 471 1047 547 atque
1070 461 1213 529 Socrates
1230 457 1304 545 cui,

158 583 300 668 Triginta
315 579 396 646 Viris
411 576 664 656 dominantibus,
681 576 774 641 minor
798 584 921 641 tantum
944 594 979 641 ac
1003 585 1103 641 terror
1117 576 1306 643 intendeba-

159 706 210 762 tur
225 694 293 778 (l).
317 703 411 772 tunc,
441 689 528 776 quasi
545 688 760 755 adolescentes
781 694 1015 772 corrumperet,
1038 706 1160 753 veneno
1176 698 1305 754 necatus

160 819 220 876 est.
235 806 425 874 Concessere
451 804 609 889 Megaram
626 801 798 886 Socratici,
816 811 848 867 et
861 800 1035 884 Prodicus,
1060 801 1113 887 qui
1134 801 1199 889 jam
1223 824 1305 890 saepe

163 930 273 1001 antea,
300 928 335 983 ut
357 914 612 996 memoravimus,
639 915 672 980 in
698 913 861 981 comoediis
885 914 1069 998 lacessitus,
1097 926 1189 1002 atque
1213 919 1318 1004 paulo

164 1046 326 1121 postquam
340 1033 675 1111 adueneraththenas,
693 1051 710 1097 e
723 1031 824 1118 Lyceo
835 1028 942 1117 jussus
958 1043 1023 1098 erat
1035 1033 1139 1116 exire,
1155 1044 1304 1120 tanquam

163 1145 801 1220 nonidoneaadolescentulisdissereret,
823 1145 942 1211 sivero
966 1166 1029 1212 non
1051 1146 1186 1231 idonea,
1208 1149 1304 1215 nimi·
1387 1200 1392 1211 .

162 1280 232 1326 rum
244 1260 346 1338 mala,
366 1260 423 1346 (ea
442 1268 547 1324 autem
563 1267 652 1324 erant
667 1277 735 1342 quac
757 1255 796 1322 de
811 1255 878 1321 Diis
901 1256 1038 1323 Deorum
1061 1277 1122 1342 que
1143 1257 1305 1325 beneficiis

161 1371 243 1439 haud
260 1372 366 1458 legum
382 1371 525 1438 formulis
540 1381 751 1437 consentanea
775 1367 965 1454 afferebat),
989 1370 1021 1435 in
1041 1369 1195 1457 judicium
1214 1391 1304 1438 voca-

162 1499 225 1569 tus,
247 1486 359 1553 eodem
378 1496 470 1572 atrpre
483 1485 628 1553 Socrates
642 1493 793 1570 corrupta
804 1483 978 1570 juventutis
991 1485 1136 1567 crimine,
1150 1497 1181 1552 et
1194 1487 1304 1572 capitis

162 1602 340 1682 damnatus,
354 1620 512 1668 venenum
524 1599 614 1666 bibit.
641 1593 647 1599 ’

206 1713 265 1779 Hic
278 1713 374 1799 igitur
388 1732 452 1778 non
465 1711 520 1778 abs
533 1731 565 1778 re
577 1709 715 1777 alienum
728 1721 803 1796 puto
817 1719 925 1775 notare
939 1711 1090 1797 populum
1106 1710 1183 1798 ipsis
1200 1722 1305 1798 tyran-

162 1825 212 1890 nis
227 1825 327 1892 multo
349 1823 553 1890 infensiorem
566 1823 662 1890 fuisse
677 1822 710 1888 in
725 1820 929 1908 philosophos
946 1850 953 1889 :
972 1842 1051 1908 quos
1067 1833 1206 1889 ceterum
1222 1824 1305 1889 haud

162 1939 244 2006 bene
257 1959 392 2026 unquam
407 1939 439 2004 in
454 1938 602 2025 populare
617 1936 785 2023 imperium
800 1935 955 2002 animatos
966 1936 1063 2003 fuisse
1075 1947 1216 2019 constat,
1230 1956 1306 2022 quo

163 2073 295 2139 rumque
317 2052 448 2119 nonnuli
475 2051 558 2118 inter
582 2050 721 2137 Triginta
733 2050 828 2133 ¹Viros
851 2050 1242 2136 numerantur-discipuli,
1271 2063 1307 2118 ut

163 2180 238 2235 sunt
252 2167 383 2251 Critias,
399 2168 630 2247 Theramenes,
647 2165 799 2232 Aristoles
813 2164 941 2251 quidam
965 2165 1012 2250 (ἓ)
1031 2177 1064 2232 et
1089 2165 1153 2232 alii.
1170 2165 1306 2232 Facilius

163 2280 248 2346 enim
264 2291 331 2347 crat
344 2279 449 2366 populi
464 2277 636 2345 fautoribus
650 2298 723 2344 eum
745 2278 778 2343 in
793 2277 995 2364 philosophos
1021 2278 1203 2364 impellere,
1224 2299 1305 2364 quos

164 2393 383 2460 asseverabant
397 2392 503 2479 patriae
520 2387 727 2478 beligionique
749 2391 878 2458 exitium
897 2411 1025 2478 parare,
1047 2391 1079 2458 id
1096 2403 1145 2458 est
1157 2393 1304 2478 -templa,

95 2487 100 2492 ⁷
165 2507 346 2593 festos-dies
360 2527 432 2573 cum
447 2504 607 2573 sacrificiis
629 2505 880 2591 caerimoniisque
895 2504 1060 2587 omnibus,
1085 2505 1200 2591 quibus
1216 2526 1306 2592 aeque

167 2638 203 2686 ac
216 2640 294 2706 pane
306 2621 421 2707 populo
435 2640 514 2706 opus
523 2629 583 2701 est,
595 2618 704 2685 tollere
715 2618 794 2685 velle
809 2617 871 2701 (3).
886 2617 962 2684 Inde
979 2637 996 2684 a
1010 2618 1139 2686 comicis
1151 2621 1307 2687 etceteris

166 2732 198 2797 in
216 2732 417 2820 philosophos
432 2731 514 2799 sacili
532 2741 633 2798 marte
648 2741 839 2818 pugnatum,
853 2731 927 2799 inde
941 2743 1147 2818 praeparatum
1171 2733 1210 2800 de
1230 2734 1306 2801 Pro-

164 2843 235 2911 dico
256 2844 365 2931 capitis
383 2845 547 2932 judicium.
570 2844 796 2930 Aristophanes
816 2844 921 2927 enim,
951 2844 1004 2931 qui
1026 2843 1092 2932 jam
1113 2846 1146 2911 in
1157 2848 1299 2913 Nubibus

166 2979 238 3026 eum
256 2959 416 3046 attigerat,
432 2969 580 3045 tanquam
595 2979 635 3025 ex
649 2957 797 3025 omnibus
810 2959 986 3026 coelestium
1008 2979 1112 3025 rorum
1129 2962 1305 3047 speculato-

166 3072 253 3140 ribus
264 3073 343 3139 soret
352 3072 422 3140 istis
436 3072 582 3139 inanibus
601 3071 744 3160 personis
756 3071 1018 3158 gratiosissimus,
1046 3094 1188 3160 unusque
1214 3096 1308 3162 quem

163 3187 229 3275 jam
241 3186 349 3253 audire
361 3186 478 3253 vellent
488 3185 550 3268 (d),
564 3184 720 3252 sexcentis
734 3184 845 3252 fabulae
865 3185 957 3272 istius
968 3186 1044 3253 loeis
1060 3187 1203 3279 deridet,
1230 3209 1309 3275 quos

166 3300 373 3380 μετεωροφένακας
386 3304 415 3358 el
425 3304 623 3380 μετεωρολέσχας
638 3305 748 3378 vocat,
766 3295 969 3389 phiIOSOPhOS
983 3348 992 3379 ‚
1009 3296 1059 3362 his
1080 3296 1262 3364 nominibus
1275 3298 1309 3362 in

136 3647 140 3652 ’
210 3636 242 3703 (1)
264 3636 385 3704 xenoph.
400 3637 580 3694 Memorabil.
594 3639 614 3700 l.
627 3652 659 3701 11,
674 3636 718 3701 31,
734 3651 792 3707 sqq.

209 3735 244 3804 (⁸2)
264 3735 429 3791 Parmenid.
446 3735 489 3799 511,
503 3738 533 3791 F.
749 3746 752 3750 ’

209 3831 242 3901 (3)
265 3832 394 3888 Plutarch.
412 3833 466 3889 Vit.
483 3832 583 3889 Pericl.
598 3831 930 3898 xux11,ct·lliciae,m1n.

209 3933 242 4000 (bl
266 3932 292 3987 Si
307 3934 506 3990 commentatori
524 3932 706 4002 Aristophanis
719 3926 796 3988 tidem
809 3932 922 3996 habeas.
940 3932 1046 3988 Prodici
1066 3932 1236 4002 prudentiam
1250 3933 1312 3990 doc·

169 4030 316 4102 trinamque
335 4029 457 4087 laudabat
474 4046 528 4103 quo
550 4030 631 4102 magis
652 4034 788 4087 Socratem
800 4031 925 4087 elevaret.
948 4031 1000 4086 Sed
1018 4045 1105 4102 neque
1127 4032 1311 4101 grammaticus

170 4128 229 4189 ille.
244 4143 331 4198 neque
342 4142 434 4184 omues
446 4128 502 4199 ejus
514 4128 626 4197 vestigiis
641 4130 767 4206 instantes
788 4127 871 4184 critici
897 4126 1136 4184 animadverterunt
1154 4129 1207 4186 hoc
1223 4129 1249 4185 in
1264 4144 1312 4185 ore

169 4227 296 4284 dubium
307 4243 365 4285 esse
382 4229 510 4298 positum,
527 4229 561 4285 ita
582 4237 608 4286 ut
624 4227 750 4299 quidquid
764 4228 797 4283 ab
811 4227 850 4284 eis
868 4227 1003 4291 inuitatur.
1018 4226 1133 4286 irrisioni
1146 4228 1244 4285 laudati
1255 4243 1312 4284 rer·

170 4332 278 4382 teretur.
