2946 4746
602 278 608 294 ⁵
669 323 826 382 -cou

178 454 280 539 Atque
298 452 475 542 accepimus
494 450 662 518 allarimo
677 451 769 539 Tyrio
782 448 905 520 Prodici
926 449 1118 519 orationibus
1139 460 1171 519 et
1194 447 1322 539 scriptis

179 583 250 632 eam
272 565 425 652 praecipue
450 563 554 632 inesse
575 563 699 631 dicendi
732 561 972 651 pulcritudinem
999 563 1188 652 (καλλιλογίαν)
1205 584 1319 652 ‚quae.

179 688 305 745 auctore
324 675 491 764 Dionysio,
513 677 688 764 praesertim
702 677 734 743 in
750 676 894 764 gravibus
909 687 941 746 el
951 677 1063 767 amplis
1076 678 1217 745 numeris
1230 698 1326 745 cons-

178 797 235 871 tat,
252 799 285 855 et
307 788 339 855 in
349 788 476 868 ‚funebri
492 788 681 878 Thucydidis
694 790 833 856 oratione
846 790 981 856 maxime
998 787 1116 857 eminet
1128 789 1187 878 (1).

160 899 164 913 “
221 898 298 967 Inde
313 900 389 968 satis
404 910 490 986 patet
505 901 588 987 qood
611 901 753 967 laudatur
775 901 808 966 in
829 902 961 970 Prodico
983 903 1098 988 grande
1119 910 1151 969 et
1176 897 1325 988 pulcrum

179 1012 305 1080 dicendi
320 1031 432 1099 genus,
449 1013 481 1080 id
495 1035 558 1082 non
575 1014 671 1080 luisse
685 1026 847 1082 ventosam
869 1015 1107 1102 amplitudinem
1124 1068 1132 1099 ‚
1150 1034 1254 1102 neque
1270 1037 1327 1083 co-

100 1199 110 1208 ,
179 1129 279 1198 lorem
292 1129 363 1197 hrco
376 1129 598 1213 mentientem,
616 1128 671 1196 sed
696 1129 819 1196 uirilem
843 1129 939 1196 fuisse
965 1140 998 1195 et
1020 1140 1162 1196 sanctum
1189 1142 1220 1196 et
1241 1130 1329 1217 aptis

179 1241 436 1310 translationibus
450 1253 481 1309 et
491 1241 577 1330 justa
594 1242 760 1310 verborum
775 1241 1000 1330 compositione
1011 1243 1213 1329 magnificum
1229 1263 1327 1310 orna-

179 1366 260 1442 tum.
281 1355 407 1423 Scilicet
427 1355 459 1421 id
476 1376 577 1442 neque
592 1356 801 1424 omittendum
817 1355 900 1442 quod
925 1375 1023 1422 unum
1036 1354 1094 1423 sibi
1120 1356 1201 1443 apud
1218 1357 1328 1424 Plato-

179 1471 253 1535 nem
265 1467 402 1534 vindicat
418 1468 574 1552 Prodicus,
591 1496 606 1528 c
618 1467 738 1554 justum
748 1467 896 1534 orationis
911 1467 1067 1535 invenisse
1079 1468 1209 1534 modum
1228 1469 1291 1554 (ἓ).
1308 1495 1324 1529 n
1412 1551 1415 1555 ,

134 1567 138 1573 ’
223 1581 294 1648 Jarn
318 1579 511 1648 Themistius
537 1581 569 1647 id
596 1581 630 1647 in
658 1580 781 1647 Prodici
801 1579 899 1646 laude
925 1581 1024 1666 ponit,
1047 1600 1119 1646 eum
1143 1583 1270 1668 proprie
1295 1593 1328 1648 et

180 1692 346 1761 emendate
360 1713 429 1759 esse
444 1693 583 1759 locutum
599 1691 669 1780 (3)3
685 1702 777 1779 atque
791 1691 1004 1780 Thucydidem
1017 1703 1124 1760 auctor
1148 1705 1197 1760 est
1211 1694 1327 1782 hntyl-

180 1807 230 1874 lus
246 1806 294 1892 (l)
307 1851 315 1884 ‚
329 1805 471 1893 ejusdem
485 1807 640 1874 curiosam
656 1807 829 1873 orationem
850 1806 1034 1893 plerumque
1055 1807 1209 1877 aemulari.
1236 1809 1328 1874 Hanc

180 1929 286 1986 autem
299 1920 457 2006 egregiam
470 1930 502 1985 et
513 1939 585 1986 rere
598 1919 724 1985 atticam
738 1918 861 1985 dicendi
880 1919 1012 1984 lormam
1030 1915 1191 2005 paraverat
1205 1919 1325 2005 Ceius,

181 2033 213 2099 in
229 2033 340 2120 primis
352 2026 427 2119 quiid
443 2043 527 2100 recte
546 2033 758 2118 significarent
774 2030 864 2097 verba
884 2052 1007 2098 summa
1020 2032 1181 2118 diligentia
1203 2045 1329 2102 scruta-

179 2157 253 2213 tus:
271 2145 355 2212 unde
368 2146 463 2211 etiam
475 2145 677 2212 manifestum
692 2155 740 2211 est
758 2165 852 2230 quarn
868 2144 964 2231 longe
986 2165 1004 2212 a
1018 2145 1167 2232 sophistis
1193 2147 1327 2216 distaret

182 2246 309 2346 quibus,
337 2268 370 2324 nt
395 2268 483 2325 notat
507 2258 692 2325 Aristoteles
727 2257 778 2343 (5),
801 2259 942 2344 pulcrum
971 2269 1036 2325 erat
1066 2260 1330 2328 translationibus

179 2372 336 2460 ambiguis
352 2372 450 2455 abuti,
470 2383 506 2438 ut
516 2372 621 2438 fucum
638 2372 787 2438 lacerent.
801 2371 950 2438 Prodicus
964 2389 1037 2439 vero
1049 2392 1099 2438 rcs
1115 2373 1216 2459 signis
1230 2377 1329 2443 certis

57 2485 59 2490 ’
179 2485 446 2572 comprehendere
459 2481 601 2565 volebat,
617 2503 674 2570 per
691 2503 760 2568 quae
777 2482 956 2565 dilucidiuS,
973 2483 1128 2569 apertius,
1145 2487 1261 2571 acrius,
1279 2498 1325 2570 et,

179 2618 244 2665 uuo
259 2596 354 2665 uerbo
369 2648 377 2680 ,
393 2596 621 2682 significantius
638 2595 769 2682 exprimi
786 2602 925 2681 possent.
948 2595 1010 2662 Sed
1024 2596 1224 2665 incommode
1240 2602 1328 2668 acci-

180 2709 228 2778 dit
248 2720 283 2776 ut
303 2709 368 2776 sere
390 2717 513 2774 tanturn
532 2708 627 2776 modo
640 2728 679 2773 ex
692 2717 832 2773 veterum
848 2705 1048 2793 opinionibus
1063 2707 1102 2774 de
1117 2710 1167 2777 his
1182 2711 1329 2797 judicare

180 2824 350 2912 possimus.
370 2822 569 2890 Marcellinus
588 2819 715 2909 quidem
738 2841 796 2887 nos
818 2830 926 2886 monet
939 2840 973 2887 se
996 2833 1121 2890 notasse
1138 2825 1206 2909 (6¹,
1227 2827 1328 2914 (quod

109 2931 110 2934 ’
181 2946 266 3004 certe
290 2945 476 3023 argumento
497 2945 546 3003 est
561 2955 642 3025 eum¹
656 2935 688 3001 in
703 2929 851 3000 manibus
863 2933 1014 2999 nonnulla
1032 2931 1178 3003 habuisse
1199 2939 1329 3010 Prodici
1376 2936 1380 2945 ”

182 3032 315 3138 εολὶρλλ)
327 3051 538 3139 deprehensas
550 3051 582 3116 in
599 3050 667 3136 ipsa
680 3036 869 3136 Thucydidis
879 3047 1028 3115 librorum
1045 3048 1195 3135 scriptura
1215 3053 1330 3122 Prodi-

144 3195 147 3204 *
181 3166 246 3234 cias
260 3166 436 3234 locutiones
453 3193 461 3232 ι
480 3183 556 3251 quos
579 3162 662 3248 quod
685 3161 817 3248 posteris
832 3171 956 3248 tempus
967 3160 1111 3240 inviderit
1126 3164 1330 3235 animadver-

182 3279 287 3347 siones
300 3278 455 3366 inprimis
467 3277 636 3344 dolendum
647 3304 655 3362 3
667 3275 722 3341 scd
732 3285 850 3356 tamen,
865 3294 986 3340 summa
998 3274 1136 3342 adhibita
1148 3298 1257 3365 opera,
1268 3283 1329 3349 ali-

182 3403 258 3482 quot
269 3391 364 3478 hujus
373 3390 559 3458 imitationis
570 3387 700 3505 vestigia
711 3386 742 3451 in
758 3405 903 3453 sermone
914 3387 1114 3474 Thucydideo
1129 3388 1328 3477 deprehendi

223 3706 257 3772 (1)
278 3702 350 3759 lbr'd.
364 3700 443 3757 -Cl
460 3703 577 3756 Demelr.
592 3697 692 3753 Pholer.
708 3701 750 3752 De
762 3699 870 3754 Elocut.
887 3713 912 3767 p.
925 3696 969 3754 dl.
987 3701 1106 3766 (liberor.
1119 3704 1221 3760 select.
1235 3708 1328 3768 Onon.

183 3801 264 3858 unc.
280 3813 374 3862 nrrvr,
388 3797 479 3864 in·8l).

223 3898 256 3966 (2)
277 3895 387 3952 Phoedr.
400 3893 468 3956 353,
484 3896 518 3949 D.

224 3993 257 4062 (3)
281 3992 408 4049 Tlremist.
426 3995 511 4050 Orat.
527 4003 562 4044 ru.
581 4003 606 4057 p.
623 3987 685 4045 113.

220 4089 255 4159 (Δ)
277 4088 352 4157 Apud
364 4087 505 4144 Marcellin.
524 4085 549 4142 ln
566 4084 621 4141 Vir.
637 4082 793 4153 Thucydid.
810 4070 852 4139 56.

221 4186 253 4253 (5)
275 4186 414 4243 Rhetoric.
427 4200 475 4249 ru,
489 4187 514 4240 2.

222 4274 255 4352 (6)
279 4285 366 4341 Schol.
383 4286 414 4341 ad
428 4286 548 4356 Thucyd.
569 4286 615 4341 lh.
628 4286 669 4340 lv.
685 4281 744 4338 1³5.
760 4295 786 4350 p.
803 4278 853 4346 89.
868 4281 957 4336 edent.
972 4283 1058 4338 Dirlot.
