2946 4746
689 366 729 395 r·-
749 339 850 398 54³³.

595 611 726 680 cneus
750 612 942 695 oumruu.
974 583 986 607 ⁸

203 823 248 903 Dc
264 822 389 886 Prodici
401 823 547 888 doctrinis
561 842 629 905 quo
644 825 687 889 od
704 827 795 907 Deos,
813 827 955 894 animum
968 835 997 889 et
1008 843 1107 890 moros
1128 837 1277 908 spectant.
1296 865 1340 874 -—

246 935 327 1018 Ejus
342 936 452 1018 ioqico,
473 937 684 1019 rhetoricoque
698 939 832 1023 placito,
850 974 894 985 -
908 939 955 1021 Dc
967 939 1150 1020 quibusdam
1169 959 1237 1022 quo
1256 942 1343 1024 salso

247 1050 276 1110 ei
288 1049 451 1129 adscripto
464 1058 549 1132 sunt,
566 1051 774 1135 opinionibus,

247 1261 349 1329 Feteri
367 1271 472 1338 tamen
493 1278 556 1329 nou
582 1259 690 1328 dubito
708 1280 771 1327 non
786 1260 953 1345 Prodicum
979 1260 1088 1327 audaci
1114 1271 1168 1327 aut
1194 1260 1339 1345 fecunda,

155 1443 158 1446 ,
204 1366 287 1460 quali
302 1373 391 1440 Plato
405 1373 454 1441 vel
468 1360 653 1441 Aristoteles
666 1384 784 1452 mente,
798 1372 962 1461 preditum
973 1374 1087 1458 luisse,
1104 1393 1206 1460 neque
1221 1373 1254 1439 in
1268 1373 1343 1440 illo-.

203 1504 274 1552 rum
286 1505 355 1553 esse
370 1486 567 1574 ingeniorum
579 1506 723 1569 numero,
748 1504 816 1572 quae
832 1539 841 1570 ,
859 1487 948 1561 novis
961 1486 1162 1575 opinionibus
1182 1486 1295 1570 allatis,
1309 1498 1343 1555 et
1428 1524 1431 1529 ·

204 1599 291 1686 quasi
306 1599 440 1687 copiosis
462 1600 601 1667 veritatis
621 1599 759 1667 sontibus
773 1600 902 1687 apertis,
918 1610 1036 1667 aeterna
1059 1604 1108 1667 sui
1127 1601 1160 1666 in
1175 1601 1342 1668 hominum

204 1711 357 1780 memoria
384 1711 514 1799 vestigia
538 1713 703 1798 reliquere.
728 1713 882 1800 Equidem
904 1713 1040 1798 libenter
1064 1713 1248 1781 crediderim
1267 1733 1341 1780 eum

205 1827 280 1894 satis
301 1826 460 1911 habuisse,
483 1826 509 1892 si
525 1826 676 1913 quidquid
697 1827 852 1913 optimum
870 1828 966 1894 ceteri
995 1839 1085 1894 antea
1106 1827 1342 1914 prodidissent,

206 1939 356 2007 selectum
372 1939 663 2027 comprehenderet,
681 1949 773 2027 atque
789 1941 948 2027 eleganter
962 1951 994 2007 et
1009 1940 1144 2014 dilucide
1157 1951 1344 2029 exponeret,
1405 2022 1409 2029 „

206 2054 352 2124 omnibus
368 2074 435 2140 quae
448 2053 488 2119 ad
500 2073 616 2137 usum,
633 2052 844 2140 potiusquam
860 2053 1023 2140 adponam
1043 2043 1342 2142 contemplationem

206 2167 419 2254 pertinerent,
448 2165 585 2253 undique
611 2165 743 2235 collatis.
766 2165 875 2252 igitur,
902 2165 1023 2254 placitis
1041 2165 1109 2253 ejus
1132 2177 1165 2234 et
1192 2166 1347 2244 doctrinis„

203 2298 303 2374 prope
316 2278 394 2344 nihil
407 2278 552 2346 intentati
565 2299 626 2365 proc
642 2298 676 2346 se
690 2278 876 2375 serentibus,
893 2278 1062 2366 discipulos
1076 2279 1202 2366 quidem
1212 2279 1341 2362 multos,
1439 2319 1441 2322 .

207 2403 242 2460 ut
255 2393 307 2480 qui
322 2393 438 2481 optima
453 2393 569 2481 optime
584 2393 727 2478 docebat,
752 2393 881 2462 sednon
896 2413 989 2480 quarn
1006 2405 1119 2462 uocant
1138 2397 1274 2462 soliciano
1285 2395 1345 2466 ha=

207 2506 287 2574 huit.
316 2507 391 2574 lnde
415 2507 504 2574 facile
529 2519 656 2593 apparet
680 2527 751 2590 cur,
777 2518 906 2594 excepto
927 2507 966 2574 de
991 2508 1123 2575 Hercule
1143 2508 1243 2591 libro,
1274 2508 1348 2590 raro,

208 2621 361 2707 exscripta
377 2621 440 2689 sint
456 2620 578 2688 Prodici
594 2641 710 2706 opera,
735 2632 767 2687 et
781 2642 849 2706 quae
863 2621 892 2687 ei
915 2622 1079 2708 placuere,
1104 2621 1188 2688 haud
1203 2641 1284 2708 saepe
1310 2621 1344 2687 in

207 2733 414 2820 posteriorum
427 2732 562 2820 scriptiS,
575 2743 680 2819 aperte
688 2732 800 2816 saltem
810 2744 842 2799 et
851 2724 1050 2816 nominatim,
1062 2732 1240 2800 afferantur.
1256 2733 1349 2807 Adeo

208 2855 314 2924 tamen
328 2845 423 2913 etiam
437 2865 520 2912 nuno
531 2845 630 2912 multa
642 2844 736 2932 hujus
750 2846 883 2933 copiosae
903 2856 935 2913 et
948 2845 1118 2933 splendidae
1132 2843 1344 2912 doctrinarum

208 2977 327 3037 mensae
343 2960 396 3043 (l),
413 2968 448 3025 ut
469 2958 771 3045 loquitursocrates
786 2960 839 3026 ille
865 2959 992 3047 quidem
1014 2959 1206 3042 Platonicus,
1234 2979 1347 3056 super÷

203 3081 283 3141 'sunt
305 3071 414 3154 frusta,
438 3071 503 3137 sive
528 3071 639 3154 mavis,
666 3073 808 3156 frustula,
834 3083 881 3156 ut,
899 3070 1163 3158 quemadmodum
1185 3071 1350 3157 potuimus

209 3180 355 3270 pleraque
367 3183 490 3252 Prodici
515 3181 627 3271 scripta
640 3205 817 3270 recensere,
835 3187 880 3253 sic
895 3186 1029 3272 plurima
1046 3207 1113 3272 quae
1134 3184 1184 3288 de⁸
1198 3185 1349 3258 maximis,

208 3295 302 3362 rebus
313 3296 380 3383 ipse
392 3317 447 3384 per
460 3317 494 3365 se
510 3307 563 3364 aut
574 3318 645 3365 curn
658 3299 727 3365 aliis
743 3299 888 3381 senserit,
902 3310 934 3365 et
947 3298 1093 3384 colligere
1112 3297 1348 3385 etperpendere
1429 3286 1436 3301 ’

208 3431 371 3497 queamus.

252 3523 287 3589 In
302 3523 415 3610 quihus
426 3525 461 3597 id
476 3524 612 3612 primum
623 3546 698 3594 sane
712 3527 816 3595 locum
830 3526 951 3594 obtinet
970 3525 1052 3613 quod
1069 3525 1174 3592 docuit
1190 3523 1230 3591 de
1253 3523 1321 3590 Diis
1336 3552 1342 3590 :

208 3636 248 3703 de
256 3657 317 3723 quo
327 3636 406 3703 nihil
417 3648 489 3706 ante
499 3637 682 3707 Ciceronem
690 3639 876 3726 reperimus,
889 3649 931 3716 et,
942 3638 1026 3725 quod
1037 3638 1089 3704 ille
1102 3636 1194 3704 nohis
1203 3635 1348 3725 tradidit,

209 3749 521 3835 paucioribus-verbis
540 3751 837 3838 comprehenditur:
857 3777 872 3812 n
890 3750 971 3833 Quid
989 3750 1139 3817 Prodicus
1157 3749 1272 3817 Ceius?
1290 3749 1344 3835 qui

165 3872 170 3881 '
209 3882 246 3934 ca
260 3883 328 3948 quae
340 3863 523 3950 prodessent
534 3864 699 3932 hominum
710 3865 780 3932 vitae
794 3918 803 3949 ,
815 3865 952 3932 Deorum
966 3865 1000 3931 in
1014 3883 1146 3931 numero
1159 3863 1265 3930 habita
1274 3881 1348 3928 esse,

210 3976 299 4060 dixit,
317 3997 410 4063 quam
426 3977 551 4045 tandem
567 3979 751 4065 religionem
770 3962 918 4065 reliquit?
934 4005 949 4038 n
965 3979 1002 4062 (ἓ)
1018 3978 1098 4045 ltem
1111 3987 1219 4065 postea
1231 3975 1350 4063 Sextuq

248 4195 281 4264 (l)
305 4193 376 4251 Tim.
395 4197 455 4257 526.
467 4200 496 4251 Β.

248 4294 282 4380 (Ji)
305 4297 415 4370 DeNot.
430 4299 512 4366 οσον.
524 4295 548 4367 l,
562 4292 605 4351 di.
