2946 4746
724 312 881 367 -28-

234 432 326 516 nihil,
340 434 423 519 quod
436 447 618 522 excerptum
633 437 729 504 lirisse
739 437 891 504 affirmare
903 437 1017 523 possis,
1029 448 1188 525 superest,
1204 438 1258 504 sed
1270 433 1382 504 Galeni

234 556 325 613 atate
340 547 442 614 adhuc
453 549 610 616 ferebatur
623 550 700 617 illud
716 552 799 637 quod
813 571 893 638 saepe
906 550 1011 617 laudat
1021 551 1174 627 medicus,
1189 551 1383 636 haudsecus

234 669 326 744 atque
349 663 395 726 De
416 664 561 728 Hominis
573 665 808 751 NoturonpuS,
825 665 907 751 quod
922 663 1035 751 prioris
1053 674 1174 751 partem
1199 664 1294 730 luisse
1315 681 1382 728 non

234 772 405 840 absurdum
424 786 473 842 est
492 764 644 844 arbitiari.
667 778 714 843 Ex
732 778 863 845 diversis
885 788 989 844 autem
1011 777 1135 845 indiciis
1155 778 1255 863 qualis
1282 775 1377 842 luerit

236 889 282 953 De
297 890 425 955 Natura
443 891 560 956 Rerum
574 890 653 957 liber
672 891 744 959 licet
760 892 947 978 intelligere,
968 903 1130 977 totumque
1151 891 1219 977 ejus
1237 889 1384 957 ordinem

236 1021 389 1087 reponere
415 1004 476 1091 (l).
502 1004 639 1073 Galenus
663 1005 762 1084 enirn,
787 1017 953 1093 postquam
974 1005 1109 1073 asseruit
1132 1005 1299 1071 Prodicum
1324 1022 1385 1069 suo

236 1113 337 1197 libro,
365 1116 494 1203 perinde
519 1137 555 1183 ac
578 1119 643 1184 sere
667 1139 779 1186 omnes
803 1119 989 1187 vetustiores
1009 1118 1199 1206 philosophi,
1221 1124 1385 1199 περὶφύσεως

234 1228 431 1315 inscripsisse
457 1230 509 1317 (ᾖ),
536 1230 619 1297 unde
645 1231 752 1298 datum
773 1232 812 1300 iis
833 1252 948 1299 nomen
972 1232 1183 1320 physicorum,
1208 1250 1266 1297 nos
1289 1229 1385 1295 docet

236 1341 342 1407 omnia
363 1342 402 1408 de
425 1342 534 1408 eadem
560 1363 605 1426 re,
620 1344 684 1410 sive
698 1365 774 1423 uno,
797 1343 853 1412 seu
867 1344 1008 1433 pluribus
1022 1344 1110 1410 libris
1126 1340 1383 1422 absolvebantur,

236 1452 351 1540 scripta
372 1452 484 1521 eadem
499 1453 619 1521 ratione
643 1456 842 1523 constitisse:
865 1456 998 1544 primam
1022 1453 1241 1533 substantiam,
1265 1451 1386 1539 qualis-

237 1587 310 1632 nam
332 1567 384 1650 sit,
412 1569 605 1655 exposuisse,
628 1562 723 1657 'quam
750 1591 813 1637 non
840 1582 1032 1657 generatam,
1060 1570 1115 1636 sed
1138 1579 1287 1635 aeternam
1312 1584 1386 1632 esse

236 1679 403 1764 affirmant,
416 1680 563 1749 omnibus
577 1684 746 1769 generatis,
760 1684 993 1770 interiturisque
1003 1681 1184 1769 corporibus
1194 1679 1385 1766 subjectam,

237 1802 305 1857 turn
320 1813 389 1878 quae
409 1795 607 1862 nascentium
621 1797 733 1882 cuique
754 1809 787 1864 et
801 1796 999 1885 pereuntium
1016 1816 1055 1862 en
1076 1795 1174 1881 ipsius
1187 1792 1311 1882 propria
1335 1810 1389 1856 ra·
1428 1852 1432 1857 .

237 1903 324 1971 tione
336 1906 441 1974 inesse
457 1908 541 1975 credi
553 1920 696 1995 possunt.
713 1909 780 1976 Hoc
790 1910 875 1977 enim
890 1908 1014 1974 initium
1027 1907 1174 1974 omnibus
1184 1917 1233 1977 est
1243 1922 1389 1990 quaerere

238 2029 345 2084 utrum
361 2019 391 2085 id
414 2041 512 2086 unum
527 2020 568 2086 sit
582 2032 674 2106 atque
687 2022 832 2109 simplex,
846 2020 935 2108 cujus
950 2031 1093 2086 naturam
1110 2017 1245 2103 reperire
1260 2016 1388 2096 volunt,

238 2151 278 2196 an
303 2132 488 2217 quibusdam
514 2133 582 2219 ipso
608 2134 764 2219 prioribus
784 2133 937 2221 partibus,
963 2154 1030 2220 quae
1053 2141 1161 2218 postea
1182 2140 1290 2219 vocata
1312 2137 1392 2194 sunt

237 2247 407 2329 elementa,
429 2249 470 2314 sit
481 2249 650 2314 conflatum
662 2250 933 2336 compositumque
948 2249 1008 2336 (3).
1021 2247 1167 2316 Ceterum
1183 2265 1246 2311 non
1259 2242 1391 2310 diiiicile

217 2372 288 2455 *est
313 2361 466 2448 conjicere
489 2383 557 2448 quae
580 2362 611 2427 in
627 2362 735 2445 his-de
754 2365 872 2429 Rernrn
895 2365 1024 2430 Natura
1046 2359 1134 2426 libris
1158 2358 1389 2425 tractabantur.

239 2474 404 2541 Nonnullae
424 2475 509 2541 euim
525 2475 603 2542 tales
617 2476 807 2561 Anaxagorae
823 2475 1057 2561 disquisitiones
1071 2471 1268 2558 paucissimis
1282 2467 1393 2534 verbis
1436 2488 1442 2501 ·

240 2590 358 2676 optime
390 2590 699 2677 comprehenduntur
725 2591 758 2655 in
782 2592 939 2656 Pboedone
961 2587 1028 2676 (al),
1059 2597 1150 2672 atque
1182 2586 1273 2672 plura
1305 2581 1393 2670 apud

240 2702 481 2788 Xenophontem
498 2712 531 2768 et
542 2702 642 2768 multo
657 2701 739 2788 apud
760 2700 962 2767 Aristotelem
977 2700 1065 2786 plura
1083 2697 1234 2764 invenias.
1260 2697 1325 2764 Sed
1341 2696 1396 2762 in-

242 2815 352 2902 primis
363 2816 402 2882 de
415 2817 485 2883 istis
497 2816 708 2883 consulendus
718 2815 859 2881 Platonis
873 2814 953 2879 liber
966 2812 1015 2879 cui
1030 2810 1212 2877 inscribitur
1229 2814 1394 2876 Timoens:

211 2986 223 3014 v„
242 2948 378 3013 namque
394 2932 430 2994 de
444 2949 567 2994 summu
582 2931 650 2992 eceli
663 2930 786 2993 ratione
799 2929 957 3007 Deirmque
973 2927 1128 2997 disserere,
1146 2934 1173 2987 et
1193 2942 1299 2987 rernm
1319 2925 1398 3003 pri-

242 3044 366 3106 mordio
380 3044 516 3123 pondere
530 3051 673 3113 conetur,
692 3049 728 3104 ut
747 3038 901 3124 Epicurus
919 3036 986 3122 ipse
1002 3035 1068 3121 qui,
1084 3045 1164 3100 teste
1184 3033 1304 3099 Galeno
1329 3033 1397 3115 (ὃ),
1420 3116 1425 3123 ¹

243 3165 301 3234 περὶ
316 3161 406 3234 φύσεως
419 3152 535 3220 librum
556 3150 713 3217 consimili
729 3148 971 3216 vestustioribus
992 3146 1102 3214 ordine
1124 3145 1283 3230 digestum
1305 3164 1403 3210 com-

243 3276 407 3353 posuerat,
422 3277 457 3332 ut
471 3264 635 3332 Lueretius
651 3283 789 3349 quoque,
803 3262 906 3328 clarus
919 3261 973 3328 ille
985 3257 1112 3346 Epicuri
1130 3258 1242 3340 cultor,
1257 3258 1311 3342 qui
1325 3258 1404 3344 ejus

186 3374 188 3378 ’
243 3377 417 3444 doctrinam
442 3375 665 3465 pulcherrimis
690 3374 833 3441 versibus
850 3373 982 3439 ornarit.
1012 3369 1161 3454 Quisquis
1185 3388 1260 3453 ergo
1287 3389 1405 3435 rerum

285 3613 319 3681 (l)
342 3612 434 3668 Galen.
450 3613 519 3668 ibid.
538 3619 565 3668 et
578 3614 724 3667 comment.
747 3610 775 3663 in
790 3609 850 3664 libr.
869 3608 1022 3678 Hippocrat.
1038 3611 1080 3661 De
1096 3608 1211 3661 Natura
1225 3605 1365 3662 Hominis
1381 3611 1406 3664 1.

244 3713 362 3785 -WTuuc
374 3718 400 3764 et
414 3720 505 3778 postea
518 3710 638 3779 proiecto
649 3706 774 3762 nonnulla
795 3703 918 3760 exstitere
931 3701 1036 3758 Prodici
1052 3714 1143 3768 opera,
1157 3700 1179 3768 si
1196 3699 1302 3769 quidem
1327 3704 1410 3771 quali

244 3805 329 3859 forma
348 3803 451 3861 dicendi
467 3813 602 3868 ureretur,
628 3802 720 3865 multi,
745 3809 774 3855 ut
792 3799 930 3868 Amplius,
952 3796 1078 3852 narinus
1100 3793 1213 3863 Tyrius,
1238 3795 1413 3854 Themistius

244 3903 400 3972 Euphrades
411 3915 437 3961 et
449 3907 615 3962 Marcellinus
627 3905 789 3961 disseruere.
880 3970 884 3978 ι

283 4000 317 4068 (2)
339 4005 563 4069 perterreant,
582 4003 608 4058 9.

283 4099 317 4168 (3)
339 4101 378 4157 ld.
391 4103 423 4157 ad
435 4104 494 4161 libr.
505 4104 659 4174 Hippocrat.
676 4105 839 4158 bellatura
850 4084 982 4151 Hominis
996 4094 1140 4148 comment.
1155 4095 1176 4146 1.

211 4218 218 4241 l
282 4198 316 4265 (b)
339 4202 368 4256 P.
384 4202 446 4260 393.
887 4210 891 4216 ·

282 4295 316 4362 (ὅ)
338 4299 400 4355 Lot.
416 4316 489 4372 supr.
506 4303 604 4358 laudnt.
