2946 4746
607 338 646 348 ..
667 309 706 363 a„
729 335 768 346 ...

36 430 39 435 ’
111 438 164 502 dut
175 437 277 523 (urrod
290 449 393 503 tamen
405 437 560 522 siguificat
574 435 800 518 Philostratus)
817 437 996 505 adverbum
1016 437 1112 503 luisse
1125 437 1262 524 cxscrip

113 563 177 616 tam
195 551 258 632 (l).
279 549 340 616 sed
359 570 483 616 rursum
503 549 573 635 quis
590 559 638 615 est
657 549 709 635 qui
728 569 791 615 non
817 560 906 635 putet
927 544 1013 616 hunc
1032 550 1164 637 optimae
1186 550 1261 617 lidei

111 661 300 749 discipulum
316 662 383 748 qui,
408 682 448 728 ne
466 661 608 748 magistri
625 661 718 728 verba
740 661 940 745 adulteraret,
965 662 1117 748 quidquid
1140 663 1262 735 dixerat

111 776 283 859 iaceretve,
301 774 385 842 notis
397 785 563 861 exceptum
576 773 730 857 servabat,
742 774 841 857 illam,
855 775 1028 862 pracsertim
1038 796 1148 862 quum,
1164 776 1197 847 in
1207 796 1262 848 ore
1324 816 1330 831 ·

112 888 249 964 Socratis
276 899 379 971 esset,
413 889 533 956 Prodici
559 889 771 961 narrationem
801 908 895 973 quarn
918 889 1070 957 lidissimc
1095 891 1258 975 retulisse,

110 1003 213 1091 cujus,
240 1015 275 1071 ut
298 1015 432 1087 constat,
457 1004 629 1086 studiosus,
657 1003 787 1092 perinde
811 1023 847 1070 ac
867 1003 1012 1073 Socrates
1031 1006 1112 1092 ipsc„
1139 1007 1262 1076 auditor

112 1119 223 1187 luerat.
248 1117 481 1217 Praeterea'jamy
492 1117 666 1185 notandum
680 1127 729 1184 est
743 1117 775 1184 id
794 1129 977 1205 excerptum
992 1119 1090 1186 fuisse
1114 1139 1151 1186 ex
1167 1140 1261 1207 opero

32 1318 36 1325 υ
112 1232 240 1319 scripto,
253 1231 338 1318 quod
350 1231 497 1299 omnihus
509 1231 804 1299 solebatostendcre
815 1231 978 1315 Prodicus,
990 1242 1022 1298 et
1035 1233 1146 1299 multis
1157 1232 1261 1300 modis

112 1345 237 1412 novisse
259 1355 404 1432 poterant
420 1344 564 1413 Socrates
581 1355 673 1430 atque
687 1344 876 1432 Xenophon,
898 1355 1006 1432 utpote
1023 1344 1075 1431 qui
1089 1365 1171 1433 saepe
1193 1345 1261 1433 ejus

112 1459 348 1527 recitationibus
362 1459 502 1543 adfuere,
519 1470 572 1526 aut
586 1458 682 1527 etiam
706 1459 739 1524 in
764 1479 860 1526 mauu
881 1459 995 1525 librum
1016 1458 1167 1527 habuere.
1193 1461 1261 1528 Sci-

112 1573 184 1640 licet
197 1572 282 1660 quod
305 1573 396 1640 initio
418 1584 593 1660 praemonet
618 1573 763 1639 Socrates
786 1593 820 1640 sc
842 1594 876 1641 se
893 1584 1045 1659 quantun
1065 1573 1258 1651 meminerit,

112 1686 179 1772 ipsa
193 1685 286 1752 verba
302 1686 488 1773 asteneth),
511 1686 657 1773 quodque
673 1685 732 1754 sub
747 1686 842 1755 llnem
858 1686 956 1768 addit,
972 1686 1140 1755 Prodicum
1157 1688 1258 1755 multo

111 1798 516 1896 magnificentiuslocutum
530 1819 612 1882 csse,
635 1799 668 1866 id
678 1798 717 1865 ad
729 1799 845 1886 dialogi
859 1799 1164 1867 verisimilitudinem
1176 1782 1260 1867 com-¹

111 1912 247 1999 positum
257 1891 327 1980 css'e
339 1912 451 2000 opinor
458 1912 519 2000 (3).
537 1913 679 1998 Denique
691 1914 757 1979 hacc
767 1913 897 1981 omuino
910 1913 949 1979 ah
964 1933 1000 1979 ca
1013 1913 1139 1980 dicendi
1154 1916 1255 1982 forma

111 2026 259 2109 differunt
268 2047 363 2114 quam
378 2047 526 2115 usurpare
541 2027 710 2094 solituscst
720 2028 908 2114 Xenophon,
925 2038 1018 2113 atque
1029 2027 1061 2094 id
1078 2027 1189 2114 ipsein
1202 2049 1260 2096 suo

111 2147 148 2219 de
167 2146 334 2211 Veneticae
346 2143 462 2231 scripto
474 2144 567 2230 plane
581 2143 760 2215 declaravit,
775 2142 829 2208 uhi
844 2162 933 2209 suam
944 2141 1072 2228 quidem
1084 2144 1259 2210 orationem

112 2255 217 2322 forsan
236 2275 299 2327 non
316 2255 392 2326 satis
406 2275 476 2322 esse
495 2255 598 2331 verbis
612 2256 853 2337 concinnatam,
876 2256 1081 2325 sententiisrc
1096 2257 1259 2324 continua·
1317 2278 1320 2283 ·

112 2379 177 2441 tam
192 2368 354 2442 consessus
370 2379 419 2441 est
432 2368 493 2456 (d).

155 2482 237 2565 Quid
253 2503 329 2570 crgo
339 2483 416 2552 velis
429 2484 514 2557 hunc
523 2483 608 2552 illam
622 2482 777 2550 scribendi
791 2482 1031 2550 similitudinem
1044 2493 1259 2550 consectatum

13 2628 20 2649 ·
111 2618 194 2682 csse,
210 2598 314 2684 potius
329 2618 423 2684 quam
435 2617 530 2665 unam
547 2598 715 2665 alteramve
739 2599 861 2666 Prodici
877 2598 1036 2686 paginam,
1053 2599 1080 2665 si
1098 2619 1161 2665 non
1181 2598 1260 2685 ipsis

111 2709 227 2794 verbis,
243 2721 276 2779 at
293 2711 460 2779 sententiis
474 2730 546 2778 cum
561 2710 671 2777 ordine
687 2721 720 2777 ct
735 2711 826 2778 solita
848 2710 972 2778 dicendi
993 2710 1093 2779 torma
1116 2711 1262 2791 servatis¹

111 2824 280 2892 attulisse?
295 2824 386 2907 Quod
414 2825 440 2893 si
461 2825 531 2911 quis
546 2824 688 2892 duhitarc
708 2825 819 2911 possit,
844 2825 1046 2911 haeesingula
1069 2825 1259 2907 consideret,

111 2947 217 3023 atque,
235 2937 278 3004 ihi
293 2939 426 3025 repertis
440 2938 588 3006 omnibus
602 2958 670 3024 qum
685 2938 830 3025 inprimis
844 2938 876 3003 iu
891 2938 1015 3005 Prodici
1039 2937 1180 3005 oratione
1201 2955 1277 3005 no-f

112 3060 175 3117 tata
189 3062 275 3128 sunt,
288 3062 438 3138 agnoscet
450 3052 503 3118 hic
513 3052 668 3126 insertum
682 3071 765 3135 esse,
775 3052 882 3138 paucis
896 3051 1084 3135 immutatis,
1098 3051 1259 3138 egregium

111 3163 267 3251 allegoriae
282 3165 321 3232 de
336 3165 471 3232 Hercule
487 3165 602 3231 locum.
633 3164 733 3245 Quod.
749 3164 820 3250 quia
843 3174 952 3251 postea
968 3183 1098 3231 neeesse
1113 3163 1173 3229 erit
1193 3183 1261 3229 am·

112 3275 195 3373 plius
210 3277 379 3364 explicare,
393 3288 428 3344 ut
442 3297 526 3344 nunc
541 3288 601 3361 est,
618 3277 659 3344 sit
674 3277 761 3345 satis.

155 3389 340 3487 Suspicatus
350 3403 398 3460 est
411 3393 539 3489 quidam
557 3391 603 3477 (5)
621 3392 788 3460 Philonem
797 3391 937 3479 judeum
949 3392 1001 3478 qui
1017 3391 1162 3459 eamdem
1174 3391 1260 3458 sahu-

148 3606 187 3679 (1)
209 3627 221 3656 o
237 3608 414 3676 ὑπογράφοντος.
437 3626 449 3656 n
467 3601 585 3661 Philocte.
599 3603 648 3660 Vir.
663 3605 778 3676 Sophisl.
794 3607 826 3671 1,
841 3606 963 3670 Πρόδικος.

153 3704 189 3778 (2)
207 3704 305 3760 dadinus
316 3707 397 3768 λέγων,
409 3707 452 3754 ὅσα
461 3707 504 3766 ἐγὼ
513 3706 645 3767 μέμνημαι.

56 3862 63 3873 ,
149 3803 184 3873 (3)
208 3805 266 3858 Hoc
277 3815 365 3872 neque
373 3800 603 3870 praetercundum,
614 3803 751 3857 Socratem
760 3801 786 3857 in
800 3799 884 3860 media
896 3798 1046 3855 narratione
1053 3809 1271 3853 commemorare.

111 3905 263 3961 Prodicum.
286 3910 377 3970 utpote
397 3899 474 3970 cujtts
499 3915 580 3972 quum
594 3900 749 3965 sententias,
775 3907 827 3954 turn
847 3899 904 3968 ipsa
922 3912 1029 3968 quoqne
1057 3895 1136 3951 rerba
1157 3895 1256 3963 reddit;

110 4009 138 4061 ὥς
151 4024 204 4073 φησι
216 4004 351 4072 dedrtes„
366 4000 382 4070 S
396 3999 440 4056 29.

151 4100 184 4172 lli
207 4105 249 4156 De
265 4105 366 4156 Vertat.
382 4113 444 4162 nu,
463 4099 488 4163 5,
504 4099 529 4154 6,

149 4200 184 4268 (5)
206 4202 239 4255 Ι).
255 4198 386 4263 Hoeschel‚
399 4198 425 4252 iu
441 4203 504 4253 tlot.
521 4197 663 4253 adPhilon.
681 4195 742 4254 lihr.
757 4203 799 4253 De
809 4195 976 4254 tteretrieio
986 4191 1125 4259 Mercede,
1137 4192 1169 4246 nd
1181 4192 1245 4246 calc.
1253 4207 1265 4257 ;Ι
1293 4210 1301 4226 ,

110 4295 172 4354 edit.
189 4310 293 4363 aucun,
315 4295 427 4359 Parisiis
