2946 4746
561 667 692 734 CAPUT
716 668 887 735 SEXTUM.

465 931 593 996 Prodici
608 935 751 1014 discipuli
771 944 802 996 et
819 935 1009 1008 auditores..

201 1181 387 1278 Eloquentia
411 1203 443 1260 et
464 1191 606 1262 doctrina
627 1203 749 1259 tantum
772 1193 831 1260 sihi
856 1191 1117 1275 existimationem
1147 1195 1301 1278 eonciliaq

157 1315 243 1371 verat
264 1305 437 1386 Prodicus,
462 1313 497 1369 ut
516 1322 588 1369 eum
610 1304 742 1390 quisque
764 1303 900 1389 optimus
923 1302 1164 1368 Atheniensium
1190 1303 1302 1386 audire

162 1429 301 1506 cuperet.
325 1419 484 1490 Socratem
496 1417 599 1504 ipsum
615 1417 680 1504 Jam
693 1417 844 1499 vidimus,
861 1427 896 1483 ut
913 1417 961 1483 cui
976 1436 1038 1483 non
1054 1417 1129 1483 satis
1144 1429 1211 1483 erat
1229 1392 1304 1484 sese

159 1532 348 1618 discipulum
360 1530 428 1617 ejus
452 1541 484 1597 et
500 1530 636 1605 amicum
661 1530 820 1616 profiteri,
841 1530 879 1595 ad
895 1530 985 1595 illum
1005 1529 1221 1596 adolescentes
1244 1529 1307 1595 de-.

158 1645 284 1714 ducere.
299 1643 445 1712 Ceterum
460 1662 615 1728 quemque
629 1642 766 1710 scientia
787 1642 1001 1708 avidissimum
1026 1661 1148 1708 summa
1171 1641 1307 1708 heniuov.
1381 1706 1384 1711 .

157 1759 267 1841 lentie,
283 1769 315 1826 et
326 1756 513 1843 eloquentiae
523 1757 713 1842 gravissimae
723 1756 816 1823 simul
829 1776 864 1822 ac
870 1755 1104 1841 jucundissime
1118 1755 1301 1835 dulcedine,

159 1875 216 1943 sed
231 1874 332 1960 magis
347 1873 484 1957 maxima
499 1872 674 1956 eruditione
690 1871 873 1964 alliciciehat
887 1900 894 1938 :
909 1881 1001 1957 atque
1015 1891 1114 1937 unum
1129 1889 1199 1937 esse
1221 1871 1307 1938 Prc·.

159 1988 264 2063 dicum
279 2007 373 2074 quem
388 1986 448 2071 sibi
466 1984 572 2053 audire
585 1985 721 2076 placeat²
732 1984 797 2071 jam
818 1983 1015 2070 profitentem
1043 1970 1304 2050 audivimus'nu-

160 2105 245 2166 bium
256 2101 400 2182 chorum,
415 2097 504 2184 cujus
519 2098 577 2164 sub
589 2118 734 2184 persona,
750 2097 802 2183 qui
816 2097 905 2171 novis
919 2097 1175 2184 philosophorum
1187 2097 1305 2164 studiis

161 2214 318 2295 faverent,
336 2213 432 2278 latere
447 2231 576 2294 omncs,
591 2212 752 2291 neminem
764 2210 853 2296 fugit.
872 2209 956 2290 Quos
981 2230 1068 2276 mero
1092 2209 1307 2297 philosophiae

135 2378 138 2384 .
160 2326 264 2410 studio
279 2335 408 2392 cunctos
420 2324 519 2391 teneri
532 2345 594 2391 non
609 2324 816 2407 contendam,
842 2343 942 2408 neque
968 2322 1145 2408 philosophi
1171 2323 1303 2409 quidem

160 2439 346 2526 discipulos,
364 2438 417 2512 sed
431 2439 518 2524 quasi
530 2442 697 2522 inquilinos
711 2457 837 2520 vocem,
857 2436 938 2522 apud
960 2456 1032 2501 eum
1055 2436 1240 2516 venienteS‚
1270 2449 1306 2504 ut

159 2553 302 2637 audiant,
318 2573 381 2637 non
396 2562 431 2617 ut
445 2552 587 2632 discant,
601 2552 779 2632 autetiam,
797 2549 881 2636 quod
903 2549 1075 2634 pessimum
1095 2559 1164 2630 est,
1183 2549 1306 2636 aliquid

160 2664 333 2751 sapientiae,
358 2664 499 2741 fucorum
522 2664 632 2746 instar»,
660 2663 876 2748 depascentes,
905 2671 939 2726 ut
966 2680 1052 2727 arma
1080 2661 1139 2727 sihi
1167 2673 1304 2747 parent,

160 2790 252 2863 atque
277 2778 316 2845 ad
344 2777 557 2863 occupandam
587 2774 783 2862 tyrannidem
815 2773 881 2839 rias
914 2773 1068 2839 muniant.
1111 2774 1150 2839 At
1184 2776 1312 2850 multos

94 2962 97 2970 A
159 2909 243 2956 uerae
265 2889 469 2976 philosophico
497 2889 665 2975 discipulos
690 2879 813 2955 docenti
845 2888 976 2955 Prodico
999 2889 1153 2957 assedisse
1177 2911 1311 2977 quoquc.

127 3043 129 3048 -
159 3001 314 3070 videmus.
338 3001 423 3083 Quos
445 3001 528 3067 inter
549 3001 687 3087 profecto
710 3000 829 3086 primns
851 3011 899 3067 est
920 3000 1082 3084 Socrates,
1105 3003 1158 3087 qui
1180 3005 1305 3072 tamdiu

125 3117 126 3120 ’
159 3115 291 3183 Prodico
305 3114 467 3201 magistro,
490 3114 662 3199 eodemque
677 3114 777 3180 amico
797 3135 874 3181 usus
896 3124 963 3196 est,
979 3126 1014 3181 ut
1028 3135 1061 3182 sc
1074 3118 1310 3186 consuetudine

160 3248 232 3295 cum
253 3228 308 3294 illo
323 3227 468 3316 junctum
488 3227 626 3312 profiteri
647 3236 764 3312 posset.
790 3227 886 3294 Multa
913 3227 1032 3295 scilicet
1050 3241 1138 3296 erant
1164 3230 1198 3296 in
1218 3231 1310 3302 illius

161 3340 323 3413 doctrina,
352 3360 420 3425 quae
442 3338 586 3406 Socrates
604 3338 685 3404 hone
708 3339 879 3424 acciperet,
906 3341 945 3406 ad
963 3360 1067 3407 mores
1090 3317 1247 3428 usumque
1261 3346 1313 3414 vis

161 3453 256 3520 vendi
270 3452 459 3538 pertinentia
473 3453 534 3539 (l).
557 3452 704 3529 Etenim,
720 3461 755 3517 ut
766 3452 916 3519 Prodicus
936 3454 1028 3540 longe
1043 3455 1103 3520 alia
1114 3467 1223 3523 mente
1238 3470 1307 3525 erat

161 3587 197 3634 ac
208 3565 304 3632 ceteri
319 3565 372 3651 qui
387 3564 499 3630 merita
511 3564 684 3650 ignominia
704 3563 858 3649 Sophistae
880 3567 979 3632 notati
1002 3577 1094 3643 sunt,
1123 3588 1187 3634 non
1209 3569 1307 3636 dabat
1350 3560 1354 3570 ’

160 3679 253 3746 uerba
267 3732 276 3761 ,
290 3677 346 3744 sed
361 3676 464 3742 verbis
486 3676 651 3743 veritatem
671 3697 790 3742 meram
808 3677 982 3763 exprimere
1007 3679 1163 3748 studebat.
1192 3681 1239 3747 Ex
1266 3703 1306 3750 eo

162 3793 307 3861 Socrates
321 3790 435 3857 etindc
449 3790 516 3875 ipse
532 3790 617 3871 Plato
634 3809 704 3856 eam
720 3789 992 3876 diligentissimam
1008 3791 1307 3880 distinguendorum

162 3905 412 3974 definiendorum
428 3923 487 3989 que
500 3902 664 3969 verborum
686 3903 840 3970 rationem
860 3922 1022 3989 accepere,
1041 3926 1110 3991 quae
1131 3908 1230 3974 errori
1246 3909 1310 3978 mi-,
1334 3913 1336 3917 ’

162 4020 284 4087 nimum
296 4011 369 4084 lacit
379 4017 499 4102 locum3
511 4036 550 4083 ex
564 4015 675 4082 eodem
694 4015 823 4124 sortasse
838 4015 957 4083 Socrati
971 4016 1099 4102 obvenit
1115 4019 1148 4086 in
1161 4021 1313 4112 quolibet

123 4336 129 4345 Ι
202 4262 236 4337 (l)
258 4263 290 4336 ξ’..
305 4263 371 4335 ΡΙιιῑ.1
383 4266 497 4341 hieron..
509 4261 552 4334 22.
568 4262 604 4324 C:
620 4267 771 4335 Protuoor.
786 4263 849 4324 212,
867 4265 895 4316 Ρ.
