2946 4746
666 242 824 296 ..87-

157 384 227 433 nus
248 364 464 451 Napoleonisl
479 383 550 431 cum
561 364 657 431 Maria
672 366 828 434 Ludovica
841 368 966 454 nuptias
987 368 1173 451 celebravit,
1202 368 1318 435 imitari

159 479 330 547 consessus
345 491 405 546 est.

209 593 366 680 Denique,
383 603 419 658 ut
436 612 472 658 ca
487 591 526 659 de
540 613 574 658 rc
594 593 691 660 finem
715 594 840 661 dicendi
863 595 987 675 faciam,
1005 596 1097 662 liccat
1119 595 1235 663 addere
1252 617 1316 662 non

164 706 273 772 minus
287 717 320 772 et
331 705 526 795 antiquitatis
537 706 787 773 ctrecentiorum
798 717 976 793 temporum
986 707 1319 794 artilicihusplacuisse

164 820 327 906 egregiam
346 819 470 886 Prodici
494 819 642 886 fabulam.
668 820 795 887 Etenim
819 841 878 887 nos
903 821 1113 888 Philostratus
1132 823 1224 889 docet
1249 843 1319 889 eam

165 953 251 1019 saepe
277 933 407 1019 picturis
426 953 607 1019 expressam
624 933 732 1016 fuisse,
766 945 798 999 et
818 935 918 1000 laxius
934 934 1130 1002 demonstrat
1152 935 1316 1003 Vinandus

165 1048 298 1134 Pighius
322 1058 445 1113 tantum
472 1047 545 1113 huie
569 1047 725 1133 allegoriae
751 1047 898 1114 tribuisse
923 1048 1046 1116 Graecos
1073 1050 1317 1136 Romanosque,

166 1171 203 1227 ut
217 1161 345 1247 optimae
367 1160 439 1246 spei
465 1160 701 1230 adolescentum
726 1171 844 1227 statuas
859 1175 890 1228 et
904 1162 1059 1248 imagines
1078 1163 1221 1229 llcrculis
1244 1164 1320 1230 Pro-

167 1275 241 1342 dicii
268 1275 368 1340 forma
394 1275 575 1361 frequenter
598 1275 785 1342 effinxerint.
808 1276 856 1341 hd
877 1296 965 1358 cam,
993 1296 1030 1343 co
1047 1276 1173 1362 quidem
1187 1275 1317 1362 judice,

166 1392 274 1458 referri
290 1391 436 1457 videntur
450 1391 512 1458 duo
536 1392 678 1459 Herculis
690 1392 856 1458 simulacra
872 1413 940 1478 qum
953 1403 1020 1457 tum
1036 1392 1069 1456 in
1086 1391 1239 1477 Capitolio
1256 1392 1319 1458 col·
1370 1399 1379 1414 ‘

112 1576 120 1589 ,
167 1505 267 1572 locata
277 1505 383 1583 tradit,
396 1516 428 1570 et
438 1505 495 1590 itti,
508 1527 586 1592 quos
595 1507 628 1571 in
639 1526 806 1592 puerorum
814 1506 939 1592 optimae
948 1506 1015 1592 spci
1026 1505 1211 1572 memoriam
1222 1505 1319 1572 iactos

166 1623 357 1686 Herculillos
383 1630 493 1702 vocat,
525 1631 557 1686 ot
582 1620 634 1686 hic
659 1620 786 1686 demum
812 1623 1045 1702 Hermeraclas,
1082 1619 1146 1685 sire
1168 1619 1319 1685 Hercules
1393 1642 1401 1656 ·

166 1733 329 1799 Prodieius
359 1732 499 1818 quadrati
525 1733 648 1799 Hermae
673 1733 771 1818 figura
799 1733 918 1811 lactus,
948 1752 1041 1817 quem
1068 1733 1176 1797 Rornae
1200 1730 1317 1797 vidisse

166 1855 271 1911 narrat
295 1847 358 1927 (ll,
380 1843 530 1930 cujusque
553 1846 585 1910 in
604 1845 669 1911 hasi
692 1845 823 1912 incisam
847 1845 923 1930 legit
946 1847 1046 1926 hanc⁷
1074 1865 1141 1930 qucc
1157 1855 1265 1930 postea
1284 1844 1316 1910 in

165 1962 359 2045 drttholopia
374 1961 490 2027 inserta
505 1969 573 2041 cst,
590 1953 828 2045 inscriptionem
847 1988 853 2024 :

284 2114 431 2162 eorunm
454 2113 531 2159 ntur
544 2112 625 2170 nunti,
643 2114 769 2160 neurus
781 2107 987 2162 u'uzrrrmuo
1004 2102 1112 2161 errari

368 2218 574 2268 HPAKAEOYZ
589 2217 681 2265 utun·
698 2219 797 2266 orror
814 2220 861 2266 aru
875 2219 949 2267 uun
966 2219 1134 2267 nrounror
1149 2205 1192 2284 (2)

208 2338 309 2419 eram
322 2352 456 2406 statuam
469 2342 741 2424 suislmepiot'hes
760 2339 892 2405 inseruit
911 2339 1001 2405 Fulv.
1024 2339 1157 2405 Ursinus
1178 2339 1226 2426 (3)
1245 2359 1316 2404 cum

165 2453 367 2539 inscriptione
382 2474 500 2539 graeca,
525 2475 618 2540 quam
631 2474 668 2520 cx
690 2474 728 2519 oo
744 2452 951 2538 reposuimus.
978 2453 1051 2519 Hac
1069 2473 1134 2518 non
1160 2453 1225 2518 sola
1242 2464 1317 2517 sunt
1419 2483 1421 2486 >

163 2587 234 2653 quae
250 2579 372 2634 constet
386 2569 520 2654 antiqua>
535 2569 610 2634 artis
625 2569 821 2634 monimenta
832 2565 1008 2632 Prodiciam
1028 2566 1164 2632 labulam
1183 2587 1312 2652 expres-

163 2680 255 2747 sisse.
284 2682 385 2767 Atque
412 2683 443 2746 in
474 2686 632 2747 Thesauro
655 2683 908 2762 Brendehurpico
933 2700 1091 2765 gemmam
1117 2691 1226 2764 (quam
1247 2678 1313 2765 jam

163 2795 326 2880 attigimus
342 2802 351 2877 l
368 2795 472 2862 attulit
482 2797 621 2880 Begerus
636 2849 643 2878 ‚
661 2795 788 2878 inqua,
814 2813 851 2858 cx
876 2796 1053 2871 narratione
1076 2792 1313 2878 Xenophontis,

204 3009 240 3077 (l)
260 3013 397 3062 Hercules
410 3008 568 3069 prodictus,
585 3023 632 3062 seu
647 3006 790 3073 Principis
803 3008 970 3062 luventatis
987 3008 1050 3061 Vita
1064 3016 1091 3060 et
1102 2992 1312 3075 Pereprieote'o

165 3119 212 3170 prr
230 3106 356 3170 Stephon.
377 3106 485 3159 Vinand.
510 3106 630 3174 Pighlum
653 3107 835 3173 Catnpensem.
853 3108 978 3175 antuerp.
995 3121 1026 3160 eu
1038 3106 1149 3161 Olllcina
1160 3106 1311 3174 christoph.
1407 3166 1410 3173 ¹

164 3201 275 3257 Plarrtin.
293 3216 355 3255 nnn.
370 3217 486 3263 ccxxxvii.
503 3219 528 3270 p.
548 3203 590 3262 lh.

204 3300 236 3364 (ἓ)
261 3301 287 3353 V.
301 3300 422 3355 Anthol..
437 3299 606 3357 (Praecedit.
622 3301 730 3364 Jacobs,
743 3304 774 3356 Τ.
790 3304 844 3364 lu,
861 3316 886 3368 p.
901 3301 1152 3369 155.-Piglriusslc
1167 3301 1311 3356 transtulit:

367 3399 472 3453 Solihus
490 3400 588 3468 exiguis
606 3416 715 3470 puerum
729 3416 771 3456 me
792 3401 882 3455 discite
896 3416 901 3454 :
915 3401 986 3454 Felix

437 3498 595 3552 llcrculeum
615 3500 715 3566 signum
738 3499 850 3553 collocat
870 3514 900 3553 cr
918 3497 1038 3553 Prodico.

200 3595 296 3648 Fusius
310 3595 378 3650 idern
389 3597 473 3663 epigr.
488 3596 564 3649 vertit
576 3598 651 3650 taur.
669 3597 816 3651 Gamhara:

348 3699 422 3751 Itane
431 3696 519 3764 posuit
536 3696 616 3765 patris
626 3697 736 3765 elligicm
748 3698 781 3752 de
796 3713 926 3752 marmore
939 3697 1020 3757 Felix,

418 3798 483 3859 Ouae
497 3794 573 3860 pueri
588 3797 671 3848 tultus
686 3795 861 3850 llerculisore
874 3797 963 3851 relcrt.

346 3894 437 3944 Cetera
449 3892 508 3960 quis
522 3901 620 3949 nosset.
636 3906 694 3961 qum
707 3901 826 3961 ternpore
838 3893 968 3959 gessimus
982 3893 1036 3956 ttto,

417 3993 446 4047 Ni
460 3993 563 4047 Prodici
579 3994 733 4048 Herculeam
759 3995 874 4063 perlegat
887 3995 1042 4049 historiam?

197 4090 283 4157 (hprrrd
297 4090 369 4145 Fulr.
384 4091 469 4145 Urio.
486 4092 630 4160 lrncpines
643 4102 669 4148 ct
685 4094 795 4162 Elopiu.
819 4093 942 4158 terrenis,
959 4093 1044 4156 1570,
1064 4109 1088 4161 p.
1102 4093 1146 4157 ott,
1160 4094 1241 4163 ier-P.)

203 4187 234 4252 (3)
258 4187 325 4243 lhid.
373 4191 376 4198 ’
