2946 4746
697 311 856 366 ...pp-

204 450 329 519 togorn‚
345 436 428 501 inter
436 434 570 521 juvenes
581 435 728 501 audiendi
744 437 870 502 Prodici
883 437 1105 522 cupidissimm
1118 439 1268 506 vidimus.
1293 440 1351 506 Gui

206 550 338 616 sortasse
352 549 452 615 adluit
464 550 497 614 in
514 550 636 616 Boeotia
651 550 828 636 Xenophon
847 563 903 616 aut
929 552 1073 617 recitanti
1095 552 1184 618 illam
1208 553 1353 619 Herculis

205 662 385 749 praeclaram
399 662 611 728 laudationem
624 663 714 748 cujus
727 676 848 749 partem
862 663 1011 730 eximiam
1025 664 1120 730 nohis
1138 665 1280 745 tradidit,
1296 678 1352 731 aut

206 776 248 842 de
267 775 456 861 agricultura
480 777 634 841 nonnulla
656 777 783 861 egregie
802 776 983 857 disserenti,
1010 797 1144 862 quorum
1159 790 1268 863 postea
1288 798 1356 845 me·

206 891 300 956 minit
312 892 346 956 in
362 893 583 958 OEcuuomr'co.
605 892 833 958 lacethumouii
855 904 962 958 autem
978 892 1072 977 longe
1090 891 1262 977 majoribus
1279 913 1354 958 eum

207 1026 302 1092 quam
312 1006 373 1093 ipsi
388 1007 530 1073 Thebani
550 1007 725 1077 honoribus
738 1007 893 1073 adauxere
919 1009 983 1092 (l),
999 1007 1115 1093 quippe
1129 1006 1247 1092 quihus
1272 1007 1353 1071 nihil

208 1141 297 1207 aeque
307 1121 508 1187 studentibus
520 1141 614 1207 quam
629 1121 714 1188 uude
725 1122 874 1188 meliores
886 1121 964 1186 fiant
978 1121 1124 1186 homiues
1139 1120 1202 1205 (2),
1214 1140 1355 1185 summo

210 1254 285 1320 pere
300 1236 423 1321 placere
433 1234 590 1301 debebant
599 1256 669 1320 qun
677 1246 764 1300 tanta
771 1234 937 1321 sapientia,
954 1254 1058 1319 neque
1067 1233 1185 1298 minori
1204 1233 1357 1317 eloquen-

209 1348 254 1412 tia
276 1346 317 1413 de
339 1349 454 1415 virtute
474 1347 663 1433 praedicabat
676 1347 838 1414 Prndium.
854 1348 975 1433 Nempe
995 1347 1035 1428 is,
1045 1365 1140 1432 quem
1154 1346 1359 1431 pecuniisin-

211 1459 359 1525 leriorem
391 1461 488 1526 luisse
516 1459 662 1540 voluere,
688 1461 821 1546 gloriam
849 1459 999 1526 omnihus
1027 1459 1184 1544 potiorem
1208 1457 1358 1523 hahuisse

211 1584 352 1658 cousta13
365 1593 459 1658 quarn
472 1585 507 1639 ut
521 1572 758 1659 adipisceretur,
775 1574 934 1640 orationes
944 1572 1093 1658 grauibus
1102 1571 1280 1652 sententiis,
1292 1590 1360 1635 ma-

211 1687 397 1772 gnificisque
410 1686 514 1752 rerhis
531 1699 675 1769 ornatas,
688 1709 723 1752 rn
736 1688 875 1753 maximo
887 1707 1025 1773 quoque,
1037 1686 1118 1753 sicut
1133 1705 1226 1771 supra
1237 1685 1358 1750 dictum

213 1809 275 1881 est,
291 1798 417 1865 Graeciae
429 1810 599 1882 consentu,
624 1811 865 1885 quamwtppo
883 1799 1047 1879 vocabant,
1063 1798 1101 1884 (3)
1115 1796 1234 1864 solebat
1252 1809 1360 1862 osten·

214 1923 294 1978 tare.
309 1911 385 1978 lude
399 1932 497 1998 quum
511 1913 735 1980 celeberrimus
746 1913 904 1995 eraderet,
920 1912 1052 1998 Gorgias
1064 1911 1250 1992 Leontinus,
1265 1930 1360 1996 quern

216 2024 381 2112 discipulis
396 2024 467 2110 ejus
479 2023 661 2092 adscribunt
672 2026 817 2092 nonnulli
829 2026 893 2109 (d),
916 2036 1039 2090 tanturn
1050 2043 1168 2089 nomen
1182 2021 1359 2101 emulatus,

216 2137 316 2203 voluit
329 2158 456 2223 quoquo
476 2137 573 2204 modo
595 2140 790 2225 superiorem
804 2157 874 2203 sese
892 2136 1027 2223 jactare3
1053 2155 1118 2200 non
1136 2134 1240 2200 solum
1266 2134 1362 2219 igitur

216 2252 375 2317 orationes
390 2263 532 2318 accurato
542 2265 574 2320 et
586 2254 740 2339 exquisite
754 2252 897 2339 scriptas,
914 2251 1039 2336 qualem
1048 2249 1243 2336 olympicam
1258 2269 1360 2317 suam,

218 2365 253 2431 in
267 2364 453 2432 solennibus
466 2365 530 2432 illis
543 2365 669 2432 Gratiae
688 2365 774 2432 leriis
788 2365 941 2446 recitarit,
958 2363 1013 2430 sed
1029 2375 1062 2428 et
1074 2363 1108 2427 in
1120 2363 1361 2427 Atheniensium

219 2478 377 2544 theatrum
394 2477 522 2565 prodiit,
544 2490 577 2545 et
595 2505 610 2539 «
628 2478 792 2564 proponite
805 2475 1013 2561 quodcunque
1030 2474 1125 2541 libeat
1145 2474 1186 2539 ad
1200 2473 1364 2559 disputau-

220 2589 296 2655 dum
312 2618 328 2649 s
345 2590 451 2657 dicere
462 2611 557 2656 ausus
570 2602 631 2671 est,
647 2602 740 2674 atque
751 2580 918 2653 Prodicum
936 2597 1086 2672 tauquam
1103 2585 1245 2652 obsoleta
1258 2597 1291 2651 et
1303 2607 1363 2651 sse-

221 2702 292 2789 pius
304 2701 388 2769 dicta
400 2703 570 2769 iterantem
582 2701 756 2783 cauillatus,
771 2699 875 2786 palam
887 2698 1047 2784 protessus
1057 2708 1106 2763 est
1118 2718 1153 2763 se
1164 2697 1269 2764 omnia
1284 2698 1364 2763 seire

222 2827 254 2881 et
267 2814 308 2880 de
323 2835 446 2901 quaque
466 2835 501 2881 re
514 2812 690 2899 composite
701 2825 735 2878 et
750 2832 790 2878 ex
809 2823 951 2897 tempure
977 2831 1071 2898 posse
1085 2811 1200 2877 dicere.
1216 2810 1363 2878 Ceterum

222 2930 369 2995 convenit
391 2930 610 2995 interreteres
634 2927 781 3012 Gorgiam
806 2927 1027 3012 extemporalis
1051 2927 1202 2992 orationis
1225 2925 1365 2991 tenuisse

92 3050 95 3054 '
223 3045 432 3131 principatum
451 3044 507 3120 (5).
524 3041 587 3108 Sed
603 3041 780 3106 necessario
791 3039 902 3106 accidit
916 3052 963 3121 ut,
979 3040 1112 3106 summis
1127 3040 1222 3106 rebus
1243 3050 1365 3105 tantum

114 3191 120 3197 ·
223 3156 342 3240 libatis,
358 3155 500 3242 speciosa
514 3153 662 3235 traderet,
683 3152 740 3219 sed
753 3153 864 3234 eadem
886 3154 977 3235 levia,
999 3153 1117 3223 inania,
1136 3162 1168 3217 et
1187 3151 1275 3217 nullo
1301 3150 1367 3215 lere

224 3287 329 3337 rerum
345 3265 484 3353 pondere
503 3265 611 3331 innixa
626 3293 633 3331 :
651 3264 735 3350 quod
757 3265 904 3332 omnihus
928 3264 1078 3353 sophistis
1095 3264 1160 3350 pari
1184 3263 1369 3336 acerbitate,

268 3528 302 3595 tt)
323 3527 373 3583 us
395 3527 490 3582 suun
520 3527 670 3583 russas
692 3529 848 3584 mensu
871 3531 992 3599 compr
1015 3527 1104 3589 usu.
1125 3525 1264 3589 umus.
1288 3539 1373 3595 quum

228 3623 330 3681 addim
346 3622 743 3690 Prodicun'ahatedaemoniis,
766 3626 968 3696 utjurentutem
992 3626 1114 3688 doceret,
1136 3635 1299 3692 magnonem
1311 3636 1372 3677 osse

229 3728 360 3789 rogam

270 3819 304 3884 (2)
328 3817 413 3885 flipp.
424 3819 497 3886 maj.
511 3818 557 3873 96.

271 3913 306 3980 (a)
326 3915 436 3970 lncian
447 3919 513 3973 lac.
524 3917 574 3974 cir.

271 4010 306 4078 u.)
327 4013 361 4068 G.
376 4015 409 4068 Α.
425 4012 547 4078 cubam
559 4014 777 4083 sumundum
789 4015 891 4078 fretus,
906 4013 998 4068 uado
1012 4026 1020 4066 :
1034 4026 1059 4066 r.
1074 4010 1156 4066 hhell.
1171 4011 1234 4075 cit„
1245 4024 1273 4078 p.
1288 4009 1316 4067 h.

270 4106 309 4177 (5)
329 4111 364 4164 ll.
375 4109 497 4166 Neauder
509 4111 561 4166 hoe
572 4111 623 4166 sibi
635 4125 743 4182 quoque
754 4112 866 4181 sumpsit
878 4120 907 4166 nt
922 4110 1023 4166 diceret
1035 4125 1051 4164 a
1072 4109 1171 4178 Gorgia
1187 4107 1226 4161 nd
1241 4115 1376 4174 externpo

234 4204 386 4263 raritatem
397 4209 532 4266 inductum
545 4211 626 4268 luisse
645 4210 794 4266 Prodicum.
810 4213 819 4279 (
829 4216 861 4268 V.
878 4212 960 4267 hiber
971 4215 1092 4272 Aureus,
1106 4223 1134 4277 p.
1149 4207 1194 4266 hb.
1205 4206 1282 4262 nait.
1300 4207 1378 4275 Opo-

233 4300 284 4360 rin.
300 4303 380 4371 1559,
388 4307 488 4378 ruo-‚1
