2946 4746
636 326 795 383 ..74-

145 454 337 540 usqueadeo
353 454 392 520 ad
406 454 569 521 veritatem
582 455 744 521 colendam
760 455 865 522 animo
879 465 1058 541 promptus,
1082 465 1117 521 ut
1138 474 1224 537 eam,
1241 455 1288 520 vel

146 568 256 655 capitis
268 568 425 655 periculo,
441 569 524 636 haud
547 571 644 636 semel
661 569 820 658 protessus
835 569 886 661 sit.

190 682 242 749 Eae
258 692 331 749 sunt
345 682 494 750 doctrinae
508 693 635 769 propter
648 702 725 768 quas
737 681 869 749 Prodico
883 702 1058 768 cognomen
1075 682 1227 769 sapienti,
1244 701 1292 748 sa-

146 797 365 884 pientissimo,
379 797 536 885 divino(ll
551 850 560 881 ,
576 796 615 863 ab
629 795 777 863 omnibus
800 806 832 863 et
846 795 915 882 ipso
928 796 1058 864 Platone
1085 796 1134 882 (Ξ)
1149 796 1290 865 additum

146 921 213 994 est,
229 911 312 996 quod
329 909 493 1007 proverbio
510 909 576 996 jam
601 909 669 996 ejus
689 921 779 976 aetate
801 909 953 996 vulgato:
976 937 990 970 u
1012 913 1145 977 Prodico
1165 913 1291 994 sopien-

147 1030 228 1109 tior,
248 1051 264 1086 u
283 1024 401 1112 optime
417 1024 563 1090 convenit
581 1023 643 1114 (3).
659 1023 710 1091 Sic
719 1042 794 1090 voce
810 1022 938 1110 populi,
955 1042 1042 1108 quae,
1056 1031 1091 1088 ut
1104 1023 1198 1109 vulgo
1211 1022 1290 1091 dici-

146 1147 209 1221 tur,
226 1147 275 1204 est
288 1146 437 1223 tanquam
451 1157 511 1204 vox
521 1137 598 1219 Dei,
613 1136 839 1224 praedicabatur
852 1137 905 1204 ille
920 1156 994 1204 vere
1009 1157 1078 1205 esse
1091 1137 1237 1224 sapiens,
1254 1157 1293 1206 eo

146 1251 214 1338 ipso
232 1259 451 1337 temporeque
471 1248 595 1336 Delphii
622 1248 777 1336 Apollinis
799 1250 958 1317 oraculum
977 1248 1108 1317 canebat
1132 1250 1291 1318 Socratem

144 1384 215 1432 esse
229 1364 409 1443 mortalium
423 1363 702 1450 sapientissimum.

186 1659 221 1728 (ll
244 1663 395 1727 Protaqor.
412 1657 473 1723 195,
489 1659 521 1713 G.
534 1661 652 1727 πάνσοφος
664 1661 708 1726 γάρ
719 1676 762 1721 μοι
775 1658 835 1707 δοκεῖ
852 1663 910 1723 ἀνὴρ
921 1658 979 1706 εἶναι
997 1661 1036 1707 καὶ
1049 1661 1117 1718 θεῖος,
1133 1657 1178 1714 ubi
1188 1658 1293 1715 minime

146 1758 260 1814 cavillari
273 1757 375 1812 videtur
387 1758 519 1812 Socrates.

186 1858 220 1926 (2)
241 1853 297 1912 vio.
313 1856 364 1913 loc.
379 1855 424 1912 cit.
440 1855 554 1920 Platon..
567 1853 749 1931 Xenophont..
765 1852 821 1910 Div.
840 1852 917 1909 Basil.
931 1859 958 1907 et
971 1861 1052 1909 ceter.
1219 1917 1223 1925 Ι

187 1953 220 2022 (3)
241 1953 359 2022 Epistol.
375 1956 490 2012 socrat.
504 1966 572 2017 1111,
584 1966 611 2021 p.
626 1949 689 2010 1105.
699 1980 734 1992 -
747 1949 820 2006 snio.
837 1951 865 2006 V.
880 1950 1004 2018 Πρόδικος.
1019 1978 1050 1991 -·
1064 1951 1172 2008 Consul.
1193 1951 1294 2008 Erasml

147 2051 249 2122 Aduo..
264 2051 330 2108 cuit.
346 2065 385 2114 ru,
397 2053 470 2108 Ceut.
488 2065 524 2116 113
543 2049 578 2106 de
593 2049 669 2120 cnjus
692 2048 826 2119 proverbii
843 2047 944 2119 origine
957 2046 1071 2104 adsurrd.
1085 2061 1193 2120 quaeque
1205 2050 1234 2106 v.
1252 2049 1291 2105 cl.

147 2149 282 2219 welrker.
295 2164 370 2220 oper,
384 2149 493 2214 laudat..
508 2148 568 2227 §ru
