2946 4746
654 303 811 360 -30-

161 426 286 505 Silium,
308 446 386 492 nova
410 427 521 510 forma,
541 428 691 515 novisque
712 428 890 502 coloribus,
917 429 1083 495 reviruisse
1104 427 1225 493 diceres
1243 425 1304 506 (l).

206 539 446 606 Recentiorihus
463 541 588 623 seculis,
611 542 736 628 plurimi
758 542 935 629 philosophi
949 552 980 607 et
995 551 1134 607 oratores
1154 540 1309 625 interpre-

162 652 216 719 tati
230 662 284 719 aut
291 652 403 719 imitati
411 663 484 719 sunt
491 654 646 739 Sophistae
656 654 721 722 Ceii
731 654 911 741 allegoriam
921 684 929 738 3
941 664 1045 739 atque,
1059 654 1180 720 cunctis
1191 653 1309 726 miran-

67 792 72 799 ·
160 765 245 832 tibus
260 786 343 849 eam,
360 766 443 832 haud
458 767 564 834 minus
578 788 653 835 sane
668 769 782 834 mirere
794 767 877 854 quod
887 787 982 834 nemo
995 767 1185 834 intellexerit
1200 817 1208 842 ,
1226 786 1308 852 praa-

160 880 369 966 dicaveritque
384 901 458 967 eum
472 882 525 967 qui
540 893 604 948 tam
617 884 758 969 pulchre,
775 893 840 950 tam
851 902 936 965 rere,
953 893 1016 947 tam
1027 882 1121 967 digne
1131 881 1170 948 dc
1182 882 1307 947 Virtute

135 1021 137 1025 ·
159 995 284 1096 locotus
296 1006 355 1078 est,
373 988 437 1062 non
456 996 552 1062 fuisse
566 978 721 1063 hariolum
742 997 909 1082 quemdam
923 1007 954 1062 et
970 996 1200 1078 circulatorem,
1217 995 1306 1061 nulla

161 1129 266 1175 rerum
280 1110 430 1195 gravitate
445 1110 572 1193 fretum,
590 1123 622 1176 et
636 1110 740 1177 verbis
751 1110 844 1177 modo
857 1110 991 1194 canoris,
1008 1109 1231 1194 concinnisquc
1255 1109 1305 1174 in·
1328 1120 1332 1132 ⁴

160 1233 295 1289 tentum.
322 1222 407 1303 Quos
430 1223 621 1290 immensum
636 1234 720 1290 esset
742 1224 882 1309 singulos
896 1224 944 1289 vel
960 1243 1024 1288 uno
1042 1222 1137 1288 verbo
1157 1222 1274 1288 referre
1293 1251 1300 1288 :

157 1335 222 1422 jam
232 1349 304 1423 post
314 1346 378 1403 tam
387 1334 484 1403 multa
496 1348 528 1404 ct
538 1338 764 1427 fortasseplura
773 1337 812 1404 dc
824 1338 936 1420 haere,
948 1336 987 1404 sit
997 1336 1072 1429 satis
1081 1337 1226 1422 praeclara
1239 1335 1303 1403 duo

159 1462 322 1537 poetarum
335 1452 462 1517 nomina
475 1451 662 1527 adscribere,
677 1452 704 1519 si
717 1452 844 1538 quidem
856 1452 938 1518 inter
946 1451 1068 1517 Prodici
1084 1452 1215 1518 clientes
1228 1452 1305 1519 Vol-

158 1565 273 1631 tarium
287 1555 319 1631 et
329 1565 391 1633 Ali.
404 1567 576 1633 Mussetum
591 1587 754 1635 recensere
768 1568 936 1655 possimus.
952 1568 1007 1634 Ille
1022 1567 1149 1634 enimin
1162 1567 1302 1634 carmine
1356 1625 1358 1629 ,

159 1680 241 1767 quod
259 1679 317 1745 suh
331 1680 421 1747 titulo
434 1682 579 1746 Sesostris
599 1681 707 1764 fertur,
722 1682 882 1748 Gallorum
892 1694 963 1749 vota
978 1702 1112 1768 spesque
1138 1682 1303 1767 ingeniose

159 1793 284 1875 cecinit,
303 1804 335 1859 et
342 1793 503 1881 juvenem,
515 1794 567 1860 uhi
577 1796 714 1882 primum
726 1796 797 1861 iniit
808 1797 1027 1883 principatum,
1041 1795 1175 1878 induxit,
1189 1795 1305 1881 angelo

145 1906 307 1987 ducente,
325 1907 446 1973 duabus
457 1907 654 1988 mulieribus,
667 1908 795 1994 perinde
807 1920 843 1974 nt
851 1909 932 1994 apud
944 1908 1123 1990 Prodicum,
1138 1911 1305 1974 occurren-

162 2032 244 2106 tem,
272 2031 364 2106 atquc
380 2040 475 2086 unam
491 2041 558 2106 quae
573 2020 724 2106 Voluptas
748 2032 808 2104 est,
831 2021 932 2087 obiter
953 2042 1016 2087 uno
1032 2021 1167 2087 alterove
1195 2021 1305 2087 osculo

84 2220 87 2226 ι
160 2132 328 2205 colentem,
343 2133 432 2198 alteri
449 2143 566 2214 autem,
594 2154 661 2218 quae
678 2133 837 2220 Sapientia
849 2134 975 2215 dicitur,
1004 2153 1074 2200 sese
1096 2133 1225 2200 omnino
1239 2144 1304 2199 tra-

160 2248 287 2314 dentem
307 2248 353 2333 (2)
366 2277 374 2332 3
388 2249 451 2331 hic,
463 2249 494 2313 in
508 2249 646 2315 carmine
662 2249 743 2334 quod
759 2245 938 2340 inscribitur
949 2249 1051 2344 holla,
1069 2249 1159 2315 illum
1176 2269 1303 2335 quoque

161 2361 288 2427 admisit
310 2361 489 2444 Herculem,
510 2362 576 2448 qni,
600 2383 696 2448 quum
717 2349 875 2448 pulchrior
895 2363 923 2429 ci
939 2339 1104 2448 Voluptate
1117 2363 1223 2428 Virtus
1237 2363 1304 2429 visa

126 2538 128 2543 .
161 2473 213 2554 sit,
231 2494 287 2559 per
302 2485 401 2540 totum
417 2485 570 2540 terrarum
586 2475 695 2541 orhem
707 2486 855 2542 aeternam
871 2496 977 2542 secum
992 2475 1119 2542 deducit
1129 2475 1302 2542 iustitiam.

203 2586 260 2652 llis
272 2587 373 2653 obiter
387 2597 419 2652 et
433 2607 526 2672 quam
542 2588 725 2654 brevissima
740 2599 862 2654 tantum
885 2598 970 2671 nota,
991 2600 1025 2654 ut
1037 2586 1105 2654 sine
1122 2588 1304 2656 intermissu

162 2711 300 2766 nostram
314 2700 451 2785 viguisse
463 2700 644 2792 allegoriam
660 2701 778 2783 videas,
801 2701 945 2788 adjiciam
959 2703 1044 2768 hunc
1062 2722 1079 2767 a
1092 2702 1304 2776 versificatore

161 2810 308 2896 quodam,
330 2810 458 2876 nomine
482 2813 522 2875 Le
536 2813 657 2895 Raida,
671 2812 704 2877 iu
717 2811 830 2878 labella
844 2812 1013 2878 dramatica
1031 2833 1101 2879 esse
1120 2823 1298 2898 tractatam,

161 2923 250 3008 cujus
265 2923 375 2989 titulus
394 2935 442 2989 cst
457 2926 499 2987 Le
515 2925 612 2989 Choiac
628 2927 803 2992 d’Hercule.
823 2925 860 3009 (3)
877 2924 951 3007 Cui,
965 2945 1062 3011 quum
1077 2926 1136 2991 hos
1157 2929 1306 2994 nostratis

159 3036 302 3102 Fontanii
316 3056 424 3102 versus
439 3038 620 3104 notissimos
634 3068 639 3104 :

306 3181 396 3232 hucun
412 3178 514 3233 chemin
529 3178 563 3233 de
576 3180 656 3232 tleurs
669 3194 701 3234 ne
712 3179 820 3234 couduit
833 3178 846 3232 a
861 3181 884 3232 la
897 3179 997 3247 gloire;

304 3281 335 3331 Je
345 3277 404 3330 u'en
418 3291 483 3330 veun
498 3291 566 3344 pour
577 3277 673 3330 temoin
689 3276 824 3345 qu'hlcide
837 3285 863 3330 et
875 3291 918 3330 ses
931 3285 1048 3336 travaux.

160 3411 191 3500 pt
205 3400 590 3495 Metastasiitetrastiehon
602 3421 639 3465 ex
653 3399 793 3486 ejusdem
812 3398 988 3485 argumenti
1006 3398 1107 3464 sabula
1123 3407 1304 3482 excerptum
1398 3441 1401 3446 -

161 3513 330 3599 inscripsit,
354 3526 420 3579 tum
433 3519 589 3578 heroicum
608 3516 807 3578 saltationem
820 3512 939 3587 ,Franci
952 3510 1150 3597 Pompiniaui
1166 3513 1235 3590 (Les
1254 3514 1308 3574 ut-

159 3633 247 3711 sirs),
272 3640 364 3714 atque
383 3649 508 3694 carmen
527 3650 588 3714 quo
604 3629 682 3714 ipse,
705 3609 874 3694 Metastasii
888 3629 1052 3714 exemplo,
1068 3648 1097 3693 v.
1115 3627 1154 3693 cl.
1172 3626 1306 3711 Stepha-

199 3871 233 3937 (1)
256 3874 286 3925 Τ.
304 3873 334 3925 Α.
350 3870 512 3938 d'tluhignc,
526 3875 575 3924 Les
591 3870 759 3940 Trnpiques
771 3872 804 3924 11.
817 3873 868 3925 Les
878 3868 1108 3923 Priores—Vid.
1124 3867 1249 3923 Buttetin
1267 3867 1307 3920 du

161 3967 347 4044 Bibliophite,
360 3967 440 4028 t85t.
457 3969 563 4022 tutarier
576 3977 602 4022 et
615 3968 731 4022 leviter.
745 3982 770 4035 p.
786 3967 855 4030 629,
868 3966 931 4036 quid
945 3967 977 4020 de
992 3964 1042 4020 hoc
1055 3965 1165 4034 egregio,
1178 3964 1304 4020 Athintaci

159 4080 241 4133 opere
253 4066 352 4133 optime
362 4067 547 4120 disserueritv.
563 4063 635 4119 (loct.
648 4065 709 4120 lsid.
725 4064 758 4117 do
773 4064 884 4117 Gnidon.

164 4138 168 4152 '¹
199 4164 232 4229 (2³)
255 4163 378 4235 Voltairr.
393 4162 532 4223 sesostris
550 4164 668 4226 01111115Ι
675 4204 681 4222 ,
701 4165 730 4215 T.
750 4161 793 4221 96.
807 4176 832 4228 p.
843 4161 904 4221 5⁶26,
920 4160 998 4218 in-h‘¹.
1014 4161 1112 4215 (terror.
1125 4173 1308 4247 ducenarius.

198 4258 230 4326 (3)
253 4260 331 4315 1811.
