2946 4746
709 371 749 384 -
771 339 807 400 rr
829 373 881 428 -q

170 513 173 519 -
219 470 485 559 contemptionem
506 470 591 556 vulgi
610 479 642 536 et
658 470 808 537 invidiam
823 471 974 539 adductos
988 475 1049 558 (l).
1067 475 1224 563 Quidquid
1239 478 1361 544 cavilla-

219 586 320 652 turad
343 585 403 652 hoc
428 594 564 672 spectat,
587 585 670 670 quod
699 585 861 668 Socrates,
889 587 1095 672 quorumdam
1111 589 1246 676 judicio,
1274 603 1359 660 totus

218 700 448 786 perscrutandis
477 698 625 766 meteoris
649 697 846 765 incumberet
874 725 880 764 ι
908 699 1074 784 quocirca,
1100 713 1132 769 et
1153 704 1261 770 multis
1289 716 1360 790 post

218 815 326 897 annis,
339 814 372 880 in
387 811 592 880 accusationis
604 811 711 878 libello
725 810 827 878 dictus
843 821 892 878 est
917 810 971 879 ille
999 817 1113 897 inposta
1126 837 1220 900 apere
1233 822 1361 883 inoesti-

218 932 322 1011 purtdo
333 930 465 1011 puosub
481 936 601 992 temnet
612 929 646 990 in
659 928 733 991 coelo
747 935 832 992 suttt.
847 925 882 992 ld
897 938 1001 1003 autern
1013 927 1155 1014 religioni
1168 930 1357 997 finitimum:

218 1041 328 1128 etjam
343 1041 465 1125 impiae,
479 1050 514 1106 ut
524 1024 661 1121 aiebant,
675 1038 879 1122 curiositatis,
900 1039 1013 1106 iisdem
1034 1042 1137 1108 causis
1151 1042 1283 1128 quibus,
1309 1044 1363 1109 vix

219 1154 362 1221 ducentis
372 1151 411 1220 ab
423 1153 498 1220 hinc
513 1152 622 1235 annis,
638 1149 815 1235 Gallilreus,
839 1171 949 1238 peenas
970 1172 1066 1241 prope
1093 1155 1221 1222 dederat
1235 1158 1362 1223 Anaxa-

218 1287 321 1353 goras.
335 1266 431 1352 lgitur
447 1265 500 1331 ubi
515 1265 585 1350 quis
600 1263 697 1330 voluit
714 1264 901 1350 philosopho
915 1244 1045 1332 esitium
1061 1287 1191 1354 parare,
1210 1268 1286 1336 satis
1307 1291 1363 1337 su-

219 1400 336 1467 perque
349 1389 415 1446 erat
429 1377 455 1445 si
469 1397 542 1447 eum
558 1377 630 1443 talia
644 1376 774 1443 scrutari
788 1376 1006 1449 criminaretur
1018 1381 1098 1466 apud
1120 1382 1292 1468 populum,
1308 1384 1363 1470 qui

219 1497 270 1563 viu
286 1495 474 1585 patiebatur,
491 1502 526 1559 ut
537 1491 674 1577 loquitur
687 1491 884 1575 Plutarchus
894 1493 953 1559 hos
965 1494 1141 1561 scelestium
1151 1516 1255 1563 rerum
1270 1497 1364 1563 inda-

220 1622 356 1698 gatores,
369 1607 458 1696 quasi
470 1607 503 1673 in
515 1625 624 1672 causas
635 1604 866 1672 irrationaleset
877 1617 1047 1692 potestates
1056 1607 1246 1695 improvidas
1255 1631 1367 1678 neces-

217 1726 378 1811 sariosque
390 1723 520 1790 effectus
527 1721 628 1786 Deum
638 1728 834 1806 proterentes
850 1719 911 1800 (2).
927 1719 971 1786 lta
987 1741 1059 1788 cum
1078 1721 1246 1809 Protagora
1256 1736 1366 1810 egerat

218 1838 251 1903 in
274 1838 499 1905 adulatoribus
522 1833 663 1919 Eupolis,
694 1831 880 1898 insimulans
903 1833 986 1918 quod
1005 1839 1366 1918 ἀλαζονεὺεταιμὲνὰλιτήριος

219 1963 275 2035 περὶ
285 1966 333 2014 τῶν
350 1959 493 2034 perruptum
519 1946 562 2013 ita
576 1965 647 2013 cum
663 1946 847 2030 Anaxagora
868 1943 1043 2030 Diopithes'
1057 1944 1124 2028 (3),
1150 1947 1312 2032 rogatione
1325 1947 1366 2012 ad

220 2059 345 2145 plebem
361 2060 444 2141 lata,
460 2071 496 2126 ut
509 2059 686 2126 deferretur
710 2057 851 2144 quisquis
866 2077 946 2124 nova
957 2058 997 2124 de
1016 2058 1197 2126 scelestibus
1214 2059 1364 2144 doceret,

220 2172 263 2238 ita
282 2192 354 2239 cum
372 2171 485 2240 eodem
498 2171 595 2239 Cleon
612 2171 681 2257 (l),
703 2170 756 2257 qui
780 2190 853 2236 eum
877 2181 1004 2257 propter
1032 2172 1213 2258 opinionem
1237 2173 1276 2240 de
1299 2173 1369 2239 sole

219 2279 390 2371 impietatis
408 2304 497 2351 reum
512 2284 695 2371 postulavit,
713 2283 757 2349 ita
781 2303 853 2350 cum
876 2282 1003 2350 Socrate
1028 2284 1062 2349 in
1079 2283 1220 2350 Nubibus
1241 2287 1367 2352 Aristo-

219 2397 341 2483 phanes
354 2417 448 2484 qucm
461 2416 577 2480 nemo,
593 2396 654 2462 nisi
669 2396 695 2462 si
707 2395 777 2482 quis
789 2397 892 2489 lucem
906 2396 981 2462 velit
995 2415 1111 2482 negare
1126 2449 1133 2479 ‚
1152 2407 1245 2481 neget
1264 2396 1366 2463 Meliti

216 2509 363 2595 ¹quamvis
376 2529 480 2576 seram
491 2507 722 2575 accusationem
735 2507 920 2575 instruxisse
935 2508 1003 2592 (5),
1024 2507 1068 2574 ita
1090 2516 1122 2572 et
1146 2525 1217 2572 cum
1231 2505 1368 2572 Prodico

220 2622 285 2708 egit
299 2623 384 2689 idem
398 2621 432 2688 in
447 2624 585 2705 Avibus,
603 2640 734 2707 quarum
749 2620 807 2689 sub
824 2619 978 2708 personis,
996 2619 1154 2701 liberiore,
1171 2629 1206 2684 ut
1220 2617 1366 2702 solebat,

221 2757 297 2804 usus
309 2736 476 2823 allegoria,
492 2718 626 2803 traduxit
643 2735 720 2803 istos
734 2734 831 2802 nobili
854 2734 971 2802 familia
997 2734 1232 2813 adolescentes,
1259 2750 1366 2797 rerum

221 2868 373 2919 novarum
383 2849 531 2936 cupidos,
547 2867 680 2936 quorum
699 2846 814 2915 auxilio
836 2847 964 2934 quidam
978 2847 1094 2914 misera
1117 2842 1290 2910 ambitione
1306 2843 1368 2909 ssa·

218 2974 363 3049 grantes,
382 2973 417 3029 ut
430 2982 534 3030 arcem
547 2971 755 3047 occuparent,
771 2959 998 3027 innitebantur.
1018 2958 1105 3040 Quos
1115 2976 1226 3023 omnes
1239 2967 1368 3042 utapo·

217 3078 319 3164 pulari
330 3077 465 3143 civitatis
476 3086 559 3143 statu
573 3085 605 3142 et
618 3062 773 3161 majorum
785 3074 939 3142 institutis
962 3074 1049 3141 videt
1069 3070 1236 3137 abhorrere
1251 3080 1369 3155 poeta,

219 3202 271 3274 ct,
288 3210 327 3256 ne
340 3209 377 3256 ea
390 3189 517 3276 penitus
530 3188 733 3285 subvertant,
748 3188 857 3270 timet,
874 3187 916 3253 ita
932 3197 964 3253 et
974 3185 1042 3254 odit
1052 3195 1085 3250 et
1094 3182 1180 3248 mille
1195 3183 1373 3249 insectatur

219 3301 333 3369 modis
350 3301 467 3368 ldcirco
479 3322 552 3369 cum
566 3300 716 3386 Euelpide
729 3300 782 3386 qui
808 3299 961 3366 maximas
982 3314 1106 3383 quoque
1128 3294 1160 3359 in
1176 3293 1374 3362 novitatibus

215 3435 284 3497 spes
305 3413 416 3498 habet,
429 3415 588 3481 inducitur
603 3413 805 3479 Pisthetaerus
829 3431 885 3497 per
907 3429 1001 3497 quem
1018 3407 1098 3473 nihil
1114 3405 1199 3471 aliud
1225 3406 1373 3491 suspicor

260 3722 293 3791 (il
315 3724 343 3778 V.
358 3724 430 3780 Ναί).
447 3721 508 3781 att.
526 3725 556 3778 In
568 3722 666 3785 iahula,
680 3721 785 3790 qualem
800 3731 872 3773 nunc
884 3715 1011 3786 legimus,
1033 3708 1163 3780 posterius
1176 3709 1336 3765 vocabulum
1358 3727 1375 3768 a

219 3821 299 3876 suida
311 3822 416 3879 allatum
429 3837 482 3878 uon
497 3821 633 3890 reperias;
648 3815 742 3887 legitur
754 3814 825 3886 apud
839 3813 1024 3873 Plutarchum,
1036 3805 1174 3864 locoinira
1186 3807 1274 3862 citato.

258 3921 291 3988 (2)
314 3922 343 3976 ln
353 3903 407 3977 l'it.
421 3919 520 3978 Nicioe.
534 3933 612 3974 urin.
630 3916 671 3974 Gi.
686 3917 812 3976 Bossuet.
825 3911 902 3967 Dirc.
918 3924 971 3964 sur·
986 3904 1081 3961 t'utst.
1092 3904 1243 3959 universel.
1256 3903 1373 3975 11⁶parr,

223 4037 235 4067 r
250 4018 363 4075 Athenes
376 4017 483 4088 preuoit
491 4031 559 4087 pour
571 4016 663 4071 athaes
679 4025 746 4069 ceris
755 4008 801 4080 qui
814 4007 944 4078 parloient
956 4004 1004 4059 des
1015 4002 1111 4059 choses
1123 4001 1333 4060 intellectualius.
1360 4030 1373 4056 s

257 4116 291 4186 (3)
314 4116 444 4175 Plutarch.
459 4115 546 4172 invit.
562 4113 691 4172 Periclis.
708 4122 791 4164 xuxu.
808 4106 847 4163 cl.
864 4105 900 4162 id.
920 4103 946 4159 in
958 4101 1104 4163 vitante..
1119 4098 1186 4155 ibid.

257 4215 290 4283 (b)
314 4215 392 4286 Diog.
405 4217 491 4271 laert.
511 4227 545 4276 11,
566 4210 610 4266 ta.

255 4308 293 4381 (5)
312 4309 372 4368 Plat.
388 4313 466 4380 Aproi.
481 4308 545 4373 359,
560 4310 588 4363 E.
