2946 4746
666 300 805 354 ..6.-

164 425 250 491 trime
265 426 473 491 necessariam
498 424 645 491 addidere
666 425 857 492 recentiores
873 427 942 509 (1),
961 425 1078 508 lulide,
1100 426 1133 490 in
1153 427 1229 495 urbe
1256 432 1304 497 in-

163 535 245 600 sulae
255 533 309 602 Cei
326 545 502 621 natusest,
521 535 604 601 unde
619 533 706 620 argui
721 545 825 620 potest
840 536 936 603 luisse
950 538 1015 604 lere
1028 538 1242 625 Atheniensis,
1263 542 1305 609 si-

163 646 312 732 quidem,
332 658 411 714 teste
432 647 590 714 Herodoto
606 647 655 733 (2)
676 645 741 714 Caii
761 659 850 714 erant
872 648 984 735 lones,
1006 652 1138 718 Athenis
1162 653 1301 737 oriundi,
1410 659 1413 663 ’

162 761 215 846 qni
230 761 313 828 bello
326 761 447 828 Medico
458 762 583 848 egregie
596 772 699 848 partes
716 762 840 828 Graeciae
854 775 1038 848 tenuerant,
1060 776 1092 831 et
1108 786 1216 834 eornm
1244 788 1302 835 no·
1401 753 1404 758 ¹

163 873 235 941 bilis
250 885 353 960 poeta,
373 874 552 941 Simonides
565 874 654 941 valde
668 875 914 943 Atheniensibus
933 878 1132 964 probabatur,
1154 881 1206 966 qni
1229 901 1304 947 eum

162 988 257 1054 etiam
273 1008 387 1055 corona
406 988 608 1056 donaverant.
628 989 781 1056 Immone
795 989 828 1077 in
843 1001 1043 1059 externorum
1057 994 1183 1078 quidem
1198 995 1298 1081 inqui-

163 1104 299 1172 linorum
313 1125 351 1171 ve
363 1106 526 1192 (μετοίκων)
541 1125 692 1188 numero,
705 1105 827 1172 Prodici
848 1119 988 1193 tempore
1003 1108 1199 1175 habebantur
1213 1109 1277 1178 Ccii
1291 1166 1300 1194 ,

161 1217 276 1304 quippe
303 1217 372 1303 qui,
394 1227 429 1283 nt
448 1217 682 1301 TherameneS,
708 1218 935 1304 rempublicam
961 1232 1105 1306 poterant
1127 1242 1302 1307 capessere..

161 1331 265 1412 Quum
291 1341 395 1397 autem
422 1331 585 1397 tradiderit
608 1330 764 1398 Eusebius
788 1331 838 1418 (3)
853 1332 1039 1414 Prodicum,
1066 1333 1212 1400 omnibus
1234 1335 1303 1420 ejus

36 1467 40 1473 ’
161 1443 273 1510 coaevis
289 1444 561 1511 consentientibus
576 1445 638 1531 (1),
655 1445 736 1511 circa
751 1465 863 1512 nxxrvr
880 1445 1021 1511 floruisse
1036 1444 1227 1532 Olympiad,
1244 1449 1305 1514 mi-

41 1554 43 1558 ”
161 1557 247 1624 nime
269 1576 375 1624 avaro
390 1556 500 1625 abesse
513 1557 695 1636 videamur,
712 1577 785 1624 eum
800 1558 880 1624 circa
892 1557 1067 1644 Olympiad.
1084 1580 1176 1625 nuxvr
1193 1571 1301 1626 natum

161 1690 230 1736 esse
247 1671 437 1737 affirmantes
451 1671 512 1758 (5).
529 1670 620 1738 Hune
634 1669 729 1737 etiam
745 1671 920 1756 Protagorae
934 1670 1090 1738 Abderitae
1105 1672 1301 1740 institutione

160 1803 253 1850 usum
267 1803 337 1850 esse
355 1796 554 1863 memorant,
572 1785 655 1870 quod
680 1782 874 1870 temporibus
896 1784 997 1870 magis
1020 1805 1113 1870 quam
1140 1787 1301 1873 utriusque

160 1898 361 1984 opinionibus
375 1898 532 1966 convenit.
549 1898 675 1965 Scilicet
686 1897 808 1985 placitis
822 1898 942 1965 Prodici
957 1883 1130 1967 attendenti
1143 1901 1227 1967 haud
1242 1901 1302 1966 im-

160 2011 351 2098 probabilius
382 2013 582 2099 Empedoclis
608 2013 803 2098 Agrigentini
835 2024 927 2099 ntque
963 2016 1154 2101 Anaxagorae
1179 2017 1306 2083 auditor·

160 2126 256 2193 inisse
271 2126 423 2194 videatur.

206 2239 319 2306 Gracili
342 2259 471 2327 corpore
490 2239 548 2306 luit
568 2240 717 2307 Prodicus
739 2250 832 2326 atquo
850 2240 928 2308 adeo
947 2242 1034 2307 tenui
1055 2241 1233 2309 valetudine
1245 2295 1253 2324 ,
1267 2253 1301 2307 nt

163 2356 366 2443 plerumque.
397 2357 446 2423 vel
460 2356 601 2444 juvenis,
622 2357 655 2423 in
669 2357 750 2424 lecto
768 2378 832 2424 non
852 2356 955 2444 jacere
983 2378 1046 2424 non
1070 2368 1196 2444 posset,
1222 2358 1302 2424 sicut

163 2471 340 2558 accepimus
364 2491 379 2538 a
402 2471 568 2538 Plutarcho
588 2471 637 2558 (6)
651 2480 684 2537 et
696 2469 826 2537 Platone
844 2471 896 2556 qui
909 2471 941 2536 in
956 2473 1134 2554 Protagora
1158 2471 1206 2556 (9)
1228 2490 1301 2537 eum

162 2585 283 2652 inducit
296 2586 347 2653 die
363 2586 429 2673 jam
450 2587 550 2654 multo
565 2585 666 2652 adhuc
684 2584 919 2651 recumbentem
950 2595 1042 2670 atque
1066 2584 1185 2650 villosis
1212 2584 1302 2669 pelli-

64 2723 71 2735 *
163 2700 239 2783 hue,
270 2699 477 2786 stragulisque
492 2698 600 2766 multis
615 2698 745 2765 omnino
763 2718 831 2765 sese
848 2698 1072 2764 involventem.
1090 2697 1239 2778 Quamvis
1258 2697 1302 2764 ita

161 2812 387 2897 impediretur,
415 2832 452 2879 ea
470 2812 503 2878 in
526 2810 593 2898 ejus
612 2811 777 2898 prudentia
797 2809 916 2877 civibus
943 2809 1008 2906 suis
1035 2819 1102 2874 erat
1125 2808 1238 2875 fiducia
1266 2821 1300 2874 ut

161 2945 242 3012 saepe
264 2945 315 2992 res
331 2945 462 3012 magnas
484 2927 512 2992 ei
535 2923 774 3006 demandarint,
797 2934 829 2990 et
843 2923 949 3006 domi,
967 2921 1089 3008 primo,
1112 2920 1165 2987 ubi
1193 2920 1300 2987 arbitri

156 3037 335 3124 judicisque
361 3038 483 3105 videtur
497 3037 613 3104 obiisse
628 3056 762 3119 munus,
778 3048 810 3103 et
823 3047 931 3122 postea
955 3035 1049 3110 loris,
1077 3032 1131 3099 ubi
1150 3033 1301 3120 plurimas

104 3184 109 3188 ·
162 3153 260 3237 gessit
283 3153 455 3239 legationes
470 3151 529 3239 (8).
547 3153 581 3218 ln
597 3151 723 3239 judiciis
735 3163 839 3218 autem
854 3140 973 3218 t'antam
986 3149 1174 3236 integritatis
1185 3150 1300 3215 samam

199 3340 232 3409 (1)
251 3343 283 3397 A.
299 3339 420 3396 Cnhaeus.
433 3370 466 3382 —
477 3340 670 3409 Xenophontis
688 3340 823 3398 Hercules
837 3337 1001 3403 prodictus,
1016 3346 1043 3392 ct
1055 3335 1120 3392 Silii
1132 3333 1230 3391 italici
1244 3335 1304 3388 Sci·

162 3437 227 3507 oto.
246 3438 400 3507 praemissa
410 3437 445 3493 de
454 3437 575 3493 Prodico
588 3436 804 3499 dissertatione.
820 3437 888 3506 Lips.
907 3434 986 3492 1797.
1005 3449 1031 3504 p.
1048 3432 1103 3489 1-3.

197 3534 233 3606 (9.)
250 3536 323 3601 VIII,
336 3535 389 3600 [⁸63
402 3544 500 3591 Κεῖοι...
514 3526 575 3593 ἔθνος
588 3537 624 3586 ἐὸν
638 3540 735 3586 Ἰωνικὸν
747 3537 793 3587 ἀπὸ
809 3538 925 3592 Ἀθηνέων.

199 3633 235 3702 (3)
250 3633 350 3690 Enoch.
368 3633 478 3703 Pamph.
497 3633 629 3690 chronic.
645 3632 709 3689 edit.
723 3631 817 3703 scalig.
834 3633 913 3700 in·l⁰,
924 3648 951 3703 p.
967 3633 1003 3690 to
1014 3674 1022 3698 ,
1033 3632 1067 3688 cl.
1080 3632 1114 3688 32
1125 3640 1151 3686 et
1164 3630 1225 3687 lta.

137 3717 143 3727 '
198 3730 232 3800 (bl
248 3730 400 3801 aristoph..
412 3733 535 3801 xenoph.
552 3731 652 3788 Platon.
665 3772 672 3795 ‚
686 3745 800 3802 quornm
812 3730 960 3788 testimonia
974 3729 1027 3786 vid.
1038 3729 1114 3784 intra.

198 3828 234 3897 (5)
251 3830 312 3885 Ant.
323 3830 393 3886 J.·c.
405 3829 468 3888 176.
1170 3898 1173 3903 ι

200 3925 234 3996 (6)
250 3932 293 3984 An
306 3926 369 3983 sena·
380 3928 505 3998 respubl.
519 3929 646 3999 gerenda
658 3922 705 3986 εἰτ’.
720 3943 747 3999 p.
765 3928 827 3987 h81.
841 3955 873 3967 -
887 3926 965 3983 Basil.
976 3926 1049 3983 Hier.
1064 3925 1186 3988 Froben,
1204 3931 1231 3978 et
1243 3922 1298 3978 Nic.

159 4018 284 4091 Episcnp.
301 4023 336 4078 11.
350 4023 383 4077 D.
397 4025 479 4087 xcu,
493 4024 562 4081 ia-l‘t

130 4130 133 4135 ·
198 4118 232 4187 si)
256 4121 370 4177 Platon.
396 4123 484 4190 oper.
498 4137 558 4179 cvm
571 4125 684 4180 version.
697 4121 875 4211 ,llarsAEicin
897 4121 977 4191 Lugd.
1007 4124 1040 4176 ll.
1058 4122 1092 4203 d.
1111 4122 1167 4175 lte.
1182 4117 1256 4181 inb,
1272 4131 1301 4185 p.

159 4213 223 4279 195.
237 4218 268 4272 F.

199 4314 233 4386 (8)
250 4313 316 4373 Plat.
330 4317 415 4388 llipp.
431 4319 502 4388 maj.
517 4317 568 4409 bd,
582 4322 615 4375 B.
