2946 4746
631 328 729 380 -5tt
752 345 791 365 -⁴

29 498 31 507 ι
138 455 382 542 perspexeratG.
397 459 433 524 Α.
444 456 576 523 Cubreus
586 453 712 543 (l)'‚qui
725 468 829 523 tamen
841 457 963 525 videtur
974 457 1171 543 Hippocratis
1182 458 1285 524 locum

130 568 311 654 ignorasse,
332 570 432 636 varias
454 571 525 637 uitae
549 571 694 636 immanes
710 580 820 636 aetates
842 570 1049 657 descripserat
1066 571 1238 650 Prodicus,
1256 583 1287 639 et

136 683 249 769 cuique
260 685 342 751 aetati
351 685 511 772 exemplar
521 682 706 752 adhibuerat
718 685 898 752 Herculem.
911 685 1000 767 Quod
1016 687 1143 773 quidem
1158 687 1205 766 (ἓ)
1218 687 1287 753 Pla-

99 777 102 784 ’
138 798 221 864 tonis
234 798 339 866 verbis
353 799 392 879 de
408 799 551 866 Herculis
562 799 740 866 laudatione
753 819 770 864 a
785 798 917 865 Prodico
927 800 1102 886 conscripta
1113 800 1194 874 satis
1209 820 1286 867 con-

138 922 325 978 sentaneum
341 923 411 979 est:
431 913 480 978 sin
496 923 601 979 autem
613 931 648 978 ea
665 909 793 996 majoris
807 911 912 996 operis
926 911 1077 997 particula
1098 921 1220 976 tantum
1234 921 1287 977 aut

137 1029 269 1087 ἐπεισόδιον
284 1025 382 1102 loret,
400 1027 432 1092 in
450 1046 520 1093 eam
535 1026 618 1092 baud
634 1035 705 1113 apte
720 1024 909 1109 quadrarent
921 1045 990 1110 quae
1006 1044 1022 1089 a
1037 1023 1167 1090 Platone
1180 1034 1211 1089 et
1224 1024 1285 1089 Xe-

138 1139 303 1226 nophontq
312 1151 512 1228 apponuntur
524 1120 691 1220 vocabula,
712 1142 1011 1220 alpppappa‚tmuu‚
1026 1147 1183 1218 συγγράφειν.
1208 1135 1288 1202 Pne-

137 1261 222 1319 terea
233 1273 327 1338 quam
342 1253 394 1320 hic
413 1252 548 1320 servavit
560 1251 717 1334 ranulam,
740 1272 810 1318 eam
827 1271 864 1317 cx
881 1250 997 1336 scripto
1011 1249 1050 1316 de
1066 1250 1209 1316 Herculis
1221 1250 1299 1333 lau-¹

137 1367 230 1434 (libus
245 1379 424 1456 excerptam
437 1389 507 1436 csse
521 1369 598 1436 satis
616 1363 700 1436 elane
715 1368 849 1435 monuit.
876 1367 967 1433 Haud
986 1366 1118 1433 dubium
1143 1387 1217 1454 ergo
1239 1379 1287 1435 est

135 1481 210 1567 quin
226 1482 394 1564 Prndium,
412 1483 444 1548 iu
458 1482 652 1565 harmonia,
666 1482 768 1569 prima
784 1482 850 1549 sive
863 1481 902 1548 ab
923 1482 1131 1569 Hippocrate,
1150 1482 1215 1548 siue
1230 1502 1287 1547 an-

139 1604 187 1660 tea
202 1614 219 1660 a
235 1595 351 1662 Solone
365 1595 416 1683 (3)
431 1596 586 1682 descripta
599 1596 790 1662 lineamenta
815 1606 957 1677 secutus,
983 1597 1064 1661 lianc
1082 1594 1152 1661 ritae
1173 1595 1287 1681 imagi-

137 1727 209 1773 nem
226 1709 397 1774 effinxerit:
415 1710 533 1775 etenim
546 1709 579 1774 in
594 1709 720 1776 Solonis
731 1708 870 1774 carmine
885 1710 951 1775 haec
966 1710 1131 1794 leguntur:

399 1887 436 1940 Tri
451 1878 478 1934 δὲ
496 1883 605 1957 τετάρτῃ
615 1888 673 1942 παῖς
687 1883 720 1935 ἐνὶ
731 1877 905 1955 e‘ddopaideeuta
919 1873 1021 1954 ἄριστος

441 1989 527 2061 ἰσχὺν,
542 1985 677 2063 οἵτ’ἅνδρες
687 1983 976 2063 ἲσήματ’ἕχθυᾶἀρετῆς.

180 2138 229 2204 dd
244 2160 332 2224 quae,
359 2149 508 2226 tanquam
528 2140 567 2206 ad
587 2139 725 2227 primum
747 2141 867 2204 l'ontem
885 2137 993 2203 referri
1017 2146 1121 2222 potest
1144 2157 1215 2222 pars
1236 2138 1288 2203 illa

135 2251 291 2338 allegoria
305 2305 313 2335 ,
328 2253 367 2319 de
380 2274 441 2339 qua
455 2254 660 2336 disserimus,
688 2251 838 2338 cujusque
863 2250 1007 2318 nonnihil
1031 2261 1154 2317 veteres
1178 2265 1288 2338 poetas

134 2366 276 2452 attigisse
299 2367 500 2435 manifestum
523 2378 582 2434 est.
607 2366 733 2434 Scilicet
754 2366 910 2432 Homerus
927 2365 993 2451 jam
1018 2364 1076 2432 sub
1103 2365 1235 2433 Verteris
1258 2388 1292 2449 eq

134 2464 281 2545 Minervae
294 2480 437 2567 personis
451 2491 681 2548 monstraverat
693 2481 758 2566 quo
775 2489 875 2545 vertat
884 2477 995 2549 vitium
1009 2530 1017 2560 ,
1043 2479 1105 2562 qud
1123 2477 1216 2545 ducat
1229 2482 1289 2548 ho-

135 2593 254 2660 miuem
267 2594 385 2681 virtus3
410 2605 445 2661 ut
460 2595 505 2661 illi
520 2595 620 2677 Paris,
636 2594 711 2660 huic
727 2594 853 2681 Ulysses
873 2611 1020 2683 paruere,
1048 2592 1093 2671 sic
1113 2613 1196 2660 unus
1217 2595 1289 2662 libi·

133 2706 200 2772 diui
217 2706 392 2778 inserviens
406 2719 438 2774 et
451 2708 556 2779 sibiet
570 2707 636 2775 suis
650 2707 781 2774 exitium
795 2707 912 2790 attulit,
928 2708 1019 2789 alter,
1042 2706 1211 2774 continuos
1232 2729 1289 2795 per
1390 2794 1392 2799 λ

134 2819 274 2905 labores,
290 2822 387 2892 animi
409 2823 520 2889 robore
537 2821 746 2910 etprudentia
760 2822 871 2905 fretus,
889 2821 1021 2904 gloriam
1043 2821 1287 2909 felicitatemque

134 2947 322 3003 consecutus
345 2947 404 3004 est.
430 2935 601 3023 Sophocles
625 2936 658 3001 in
672 2935 786 3002 'sabula
811 2935 944 3022 satyrica
967 2956 1035 3021 quae
1059 2935 1288 3002 inscribebatur

136 3058 223 3132 uptus
240 3050 286 3136 (d)
304 3103 312 3133 ,
329 3050 358 3117 id
375 3061 423 3118 θεῖ
439 3053 567 3117 Paridis
578 3053 759 3125 diudicium,
777 3050 935 3116 Venerem
952 3049 1186 3135 Minervamque
1203 3050 1289 3117 vario

136 3162 231 3228 modo
247 3173 279 3229 et
290 3163 376 3229 cultu
388 3162 573 3248 induxerat3
591 3181 723 3247 quarum
735 3160 789 3226 illa
803 3161 914 3227 eadem
929 3181 965 3227 ac
980 3161 1129 3247 Voluptas
1145 3162 1288 3247 quaedam

136 3275 194 3341 dea
204 3328 214 3363 ‚v
229 3276 380 3361 unguntis
399 3274 538 3342 delibuta
553 3328 561 3357 ‚
578 3286 611 3341 et
624 3259 790 3363 speculum
803 3273 863 3340 sibi
882 3273 1075 3357 admovens,
1094 3274 1289 3342 circulantes

176 3518 210 3584 (li
224 3486 418 3588 Xenopdontis
433 3521 569 3574 Hercules
578 3518 746 3580 Prodicius.
761 3526 812 3574 etc.
837 3490 846 3511 ⁹

179 3617 212 3682 (ἰ)
226 3618 384 3686 Xenophon.
398 3616 578 3673 Memorabil.
592 3618 624 3678 ll,
640 3630 661 3676 1.
676 3613 719 3669 al.
740 3642 774 3652 -
786 3610 883 3667 Platon.
898 3613 1013 3668 Conuio.
1027 3612 1090 3674 317.
1107 3616 1136 3667 Β.

172 3713 210 3783 (3)
232 3716 261 3768 ln
285 3714 430 3782 lragnrento
452 3713 524 3782 quod
548 3722 629 3767 exstat
655 3711 726 3780 aputl
745 3710 866 3765 eumdem
886 3709 989 3764 Philon.
1015 3709 1078 3764 ibid.
1106 3719 1132 3764 et
1159 3711 1287 3768 Cletueut.
1346 3706 1348 3712 '

135 3813 341 3869 Alexandrinum
363 3816 388 3869 in
400 3817 525 3870 Sn‘omat.
540 3815 582 3868 Vl.
600 3812 719 3866 -idem
739 3811 793 3865 iere
810 3810 903 3880 legitur
916 3809 985 3879 apud
1000 3808 1171 3877 Xenopliout.
1188 3825 1195 3865 :
1214 3827 1224 3862 u
1241 3815 1289 3882 etp·

107 3973 112 3988 ι
136 3915 158 3959 οἱ
168 3914 216 3960 slot
227 3913 330 3964 δηλοῦσιν
340 3916 384 3962 εἴτε
395 3919 434 3967 τήν
445 3912 558 3979 δι’ἀρετῆς
573 3912 627 3960 ὁδὸν
638 3915 771 3978 τρέψονται,
779 3948 821 3964 .,..
840 3931 851 3957 a

175 4006 208 4076 (lt)
233 4007 327 4063 Allien.
343 4023 385 4070 nv,
400 4007 463 4069 687.
478 4017 543 4064 sert.
560 4006 696 4063 {ta-tin.
707 4015 733 4061 et
747 4006 872 4076 Snplmd.
886 4007 979 4076 fragm.
990 4006 1092 4068 edent,
1105 4006 1185 4061 Fituu.
1197 4008 1287 4061 Didnt.

134 4103 419 4174 mucccxu11.p.363.
437 4107 477 4160 De
490 4106 591 4159 Venere
604 4112 631 4159 et
652 4104 768 4158 alinerra
786 4117 833 4171 pro
850 4104 989 4173 Voluptate
1010 4109 1037 4156 et
1054 4101 1153 4156 Virtute
1173 4102 1286 4163 habitis,

134 4202 357 4258 cuniculorum
372 4204 444 4271 quod
460 4202 485 4256 in
509 4205 648 4256 'lucanum
678 4200 904 4269 lirundeburqr‘c.
928 4199 1066 4269 descripsit
1090 4202 1194 4268 Bepara.
1212 4199 1288 4258 tn-r.

134 4313 264 4357 uucxcvi.
