2946 4746
647 287 806 351 ..γε-

157 430 319 501 straverat,
334 419 507 486 modestior
522 418 699 504 magister?
719 419 789 485 Dux
803 416 943 504 quadem,
960 391 1071 506 utiam
1086 415 1237 498 diximus,
1251 435 1304 481 er-

160 531 239 599 roris
249 542 390 599 etauctor
398 531 506 616 Plato3
523 532 646 598 honesti
658 551 733 598 sane
757 532 884 615 erroris,
903 552 999 618 quum
1020 529 1252 618 philosophiam
1266 528 1306 595 ab

72 665 75 669 ’
161 643 489 711 omnilaberindicare
498 645 643 728 voluerit,
655 643 824 712 sedtamen
834 644 886 732 qui
897 645 1034 732 pessimo
1043 643 1189 730 exemplo
1198 641 1305 708 fuerit.

162 754 292 823 ldenim
303 777 402 824 unum
416 758 580 844 aposteris
593 754 841 842 consideratum,
859 758 1069 845 sophistarum
1085 775 1219 823 numero
1232 755 1310 820 Pro

162 871 292 937 dicuma
302 872 433 938 Platone
445 872 596 958 adscribi3
612 873 861 959 idacnnctispro
870 884 955 940 certo
965 871 1119 939 habitum.
1130 868 1222 953 lude,
1233 888 1311 936 mox

162 985 248 1051 iliius
263 984 387 1052 abolitis
400 985 465 1052 fere
483 985 631 1053 omnibus
644 985 745 1070 libris,
761 997 936 1054 eoventum
951 995 1046 1052 estut
1059 995 1178 1051 temere
1197 983 1311 1051 eadem

59 1154 63 1162 .
163 1099 348 1185 tmtinaoua
357 1099 543 1186 quisquerel
555 1101 711 1188 pessimus
719 1100 857 1168 scientiae
867 1100 1033 1181 mercator,
1045 1081 1309 1185 pensatusiucrit.

163 1214 297 1300 Egregia
308 1215 403 1280 otiam
417 1214 457 1281 de
472 1213 607 1282 Hercule
619 1215 721 1282 fabula
733 1236 827 1302 quam
847 1216 904 1283 sua
916 1225 1008 1281 aetate
1026 1213 1128 1280 adhuc
1139 1223 1264 1280 exstare
1278 1202 1311 1280 ci

164 1328 356 1395 circumferri
366 1339 499 1396 testatur
508 1328 633 1412 Suidas,
647 1340 739 1416 atque
750 1330 839 1416 quasi
848 1329 1027 1396 resonantia
1036 1328 1069 1394 in
1079 1320 1222 1425 devinctio
1230 1348 1311 1414 prae-

164 1451 254 1527 cepta
266 1440 380 1508 fmstra
394 1443 462 1528 ejus
473 1443 671 1509 sanctissima
683 1443 843 1528 sapientiae
855 1452 1060 1509 monumenta
1077 1440 1308 1509 ostendebant:

165 1555 218 1621 ilia
230 1555 357 1641 quidem
370 1566 519 1642 perpetua
529 1556 670 1623 omnium
684 1554 889 1623 admiratione
900 1557 1010 1623 affecta
1020 1567 1052 1622 et
1061 1554 1188 1622 maximi
1203 1553 1313 1622 habita
1333 1537 1335 1540 ⁵

159 1650 233 1754 ’θεῖς
256 1669 325 1736 haec
339 1689 412 1736 vero
428 1679 482 1735 aut
497 1661 640 1755 neglecta
652 1723 661 1750 ‚
674 1655 728 1736 aut
741 1669 775 1735 in
790 1669 928 1736 deterius
950 1688 1052 1737 versa.
1071 1668 1105 1736 Si
1119 1668 1190 1755 quis
1202 1677 1311 1734 autem

167 1784 247 1851 forto
259 1784 411 1851 nonnulla
423 1785 455 1850 in
470 1784 593 1852 Prodici
606 1786 728 1872 placitis
740 1785 816 1852 satis
830 1784 951 1851 veritati
966 1786 1139 1870 congruere
1151 1779 1317 1853 intellexea

166 1896 218 1981 rit,
230 1897 294 1964 sero
307 1917 400 1966 nemo
412 1898 471 1965 suit
480 1898 533 1984 qui
546 1898 751 1984 patrocinanti
764 1919 855 1965 aures
866 1898 1046 1965 adhiberet:
1062 1897 1174 1964 iisdem
1185 1916 1314 1983 semper

162 2010 318 2079 'revocatis
339 2011 624 2094 criminationibus
657 2012 836 2099 importuno
873 2031 999 2098 semper
1024 2010 1157 2098 repetito
1181 2008 1313 2076 nomine

161 2124 319 2211 sophista,
347 2124 430 2192 hand
453 2125 554 2192 desita
578 2136 651 2191 sunt
673 2145 772 2212 usque
795 2125 834 2193 ad
847 2126 944 2192 hocce
969 2137 1112 2193 nostmm
1133 2134 1259 2210 tempus
1279 2121 1313 2188 in
1402 2109 1406 2115 ⁶

160 2237 434 2325 sapientissimum
447 2238 607 2305 doctorem
620 2237 747 2325 congeri
768 2239 947 2324 maledictu
969 2237 1180 2319 contumeliae,
1194 2256 1313 2323 oppro-

167 2351 282 2421 brium.
303 2338 411 2419 Eritne
438 2352 506 2418 haec
525 2351 666 2419 defensio
687 2362 793 2420 nostra
812 2353 930 2430 utilior,
956 2345 1195 2438 acceptiorque?
1209 2349 1313 2431 Quam

166 2467 371 2554 philosophia
394 2465 543 2534 studiosis
566 2466 759 2550 dedicamus,
781 2467 842 2534 hoc
864 2486 963 2533 unum
987 2477 1154 2533 monentes
1179 2464 1212 2531 in
1229 2463 1312 2546 fine,

165 2592 262 2665 uuam
276 2579 391 2646 multas
409 2578 451 2645 ob
472 2598 581 2646 causas
596 2578 685 2645 facite
700 2579 740 2646 dc
756 2578 806 2645 his
831 2578 923 2646 rebus
940 2577 1097 2665 corrumpi
1112 2575 1234 2664 possint
1252 2576 1313 2643 ho·

165 2691 290 2760 ininum
302 2691 430 2779 judicia.
