2946 4746
653 280 811 338 547-
922 318 925 324 .

156 425 287 499 tumque
304 432 322 479 a
340 404 471 478 Prodico
486 410 582 477 t'uissc
601 405 796 492 adhibitum,
821 419 855 475 ut
871 409 910 475 de
926 430 980 475 sua
1002 411 1178 477 narratione
1200 413 1307 479 Xeno-

158 527 244 614 phou
260 535 385 610 monet,
409 524 559 608 arbitror,
575 523 731 610 siquidem
748 523 900 597 nonnulla
911 523 943 588 in
957 523 1150 591 subobscuro
1162 523 1307 595 Themis-

158 640 196 707 tii
209 639 397 725 compendio
416 639 506 706 lacilc
524 637 754 705 animadvertas
770 635 928 724 poeticum
940 637 1078 705 mlorem
1090 691 1099 720 ,
1113 640 1213 724 qualis
1233 643 1306 709 rlre-

158 753 280 820 toribus
294 751 411 820 Graecis
427 751 559 839 placuit⁵
577 751 785 838 praeferentia.

204 867 280 935 lude
293 866 359 954 jam
375 867 485 934 viatori
501 886 563 932 non
577 885 647 932 esse
659 865 781 932 eductis
796 864 981 933 mortalibus
993 867 1163 949 persimilis
1178 870 1249 938 vitre
1262 873 1276 938 l
1291 912 1307 922 -

156 982 378 1067 cicsvidetur3
395 981 469 1048 hinc
484 979 631 1046 Veritatis
647 979 827 1066 panduntur
843 980 1018 1066 tranquillae
1037 982 1203 1068 regioneS,
1229 1007 1313 1072 quas

158 1095 250 1184 pauci
264 1106 428 1183 permeant
439 1093 548 1160 fideles
560 1112 674 1159 severae
687 1092 761 1159 Deae
775 1092 932 1177 cultores
954 1111 1089 1180 quorum
1115 1094 1146 1161 in
1176 1116 1230 1164 erc
1243 1099 1309 1185 pla-

157 1211 230 1280 cida
253 1211 373 1278 eminet
387 1202 506 1276 laetitia.
524 1209 564 1275 Et
578 1209 661 1275 inter
675 1209 763 1291 illos,
787 1227 912 1277 summo
933 1226 971 1277 ex
995 1211 1133 1295 vertice,
1161 1213 1309 1281 allaman-

158 1326 287 1412 tinoque
302 1323 400 1406 solio,
429 1322 560 1390 sedebat
573 1322 680 1408 virgo,
701 1322 784 1389 haud
799 1318 935 1390 formosa
948 1302 1092 1409 quidem,
1121 1325 1177 1392 sed
1196 1326 1308 1395 decora

158 1447 285 1522 lamen,
311 1449 344 1505 et
370 1458 433 1524 prae
461 1437 624 1504 seleucus
654 1447 759 1502 veram
786 1437 1008 1523 antiquamque
1036 1432 1306 1524 pulcritudinem,

159 1553 261 1640 qualis
272 1571 342 1619 esse
355 1552 435 1619 solet
453 1549 628 1617 simulacris
641 1549 771 1636 pristina
784 1562 849 1616 arte
875 1546 1061 1619 labrefactis.
1095 1552 1255 1621 Pellucida
1276 1565 1309 1622 et

158 1665 286 1734 subtilis
300 1675 367 1732 crat
382 1665 411 1732 ci
427 1664 523 1732 vestis
536 1663 614 1730 adeo
635 1674 670 1729 ut
694 1675 858 1750 appareret
885 1664 993 1730 multis
1019 1665 1161 1751 partibus
1188 1667 1307 1734 nudum

158 1798 274 1867 corpus
289 1833 296 1862 ‚
314 1778 369 1846 sed
385 1797 514 1864 corpore
529 1777 630 1863 magis
644 1787 712 1842 orat
725 1777 909 1864 perspicuus
922 1777 1058 1845 animus.
1077 1772 1161 1866 Ergo
1182 1800 1310 1849 venera-

159 1904 212 1961 tus
225 1914 295 1961 cam
307 1893 477 1976 Hercules,
501 1891 600 1958 multa
615 1910 705 1977 prece
725 1901 815 1977 rogat
840 1890 899 1958 sibi
920 1909 1046 1978 semper
1061 1894 1196 1980 propitia
1213 1896 1306 1964 adsit.
1325 1955 1327 1960 ,

159 2008 254 2074 Juxta
269 2006 388 2073 assidet
404 2005 621 2073 Benivolentia
634 2057 642 2086 ‚
656 2003 801 2071 ministra
812 2003 906 2087 Deae,
924 2014 956 2070 et
969 2004 1070 2072 Verus
1089 2007 1204 2092 Amor,
1220 2010 1310 2076 Ami-

160 2121 241 2188 citiae
268 2120 423 2204 famulus,
440 2119 603 2201 sinentis,
621 2119 689 2185 sine
709 2117 841 2205 jaculis,
860 2129 969 2204 utpote
988 2119 1041 2205 qui
1069 2140 1171 2206 noque
1197 2122 1309 2190 laedere

161 2233 269 2321 cupit,
284 2247 387 2322 neque
401 2233 537 2301 avolare.

206 2348 399 2436 llliucquam
413 2348 528 2435 dispari
540 2347 648 2413 lrabitu
661 2347 740 2431 loca,
755 2366 911 2434 quamque
926 2347 1019 2433 longo
1033 2347 1095 2415 alio
1114 2359 1147 2415 et
1167 2350 1313 2437 ingenim

161 2473 194 2528 et
211 2463 298 2529 vultu
315 2463 336 2528 ii
344 2473 418 2529 sunt
431 2481 510 2548 quos
519 2459 667 2528 visendos
675 2459 782 2547 juveni
792 2458 996 2547 Ileapraebuit
1004 2462 1065 2543 (lll
1079 2461 1142 2552 Pro
1149 2462 1231 2529 clara
1242 2464 1319 2531 luce·

162 2598 225 2645 uox
239 2589 271 2645 et
285 2578 422 2644 tenebre
441 2576 604 2662 obduetae3
632 2596 688 2663 pro
700 2577 802 2663 planis
824 2586 919 2662 atque
941 2576 1057 2663 apertis
1082 2578 1215 2664 campis,
1231 2591 1313 2666 prae-

161 2692 268 2780 cipitia
286 2691 492 2759 ctimmonsre
507 2691 684 2776 voragines,
707 2700 740 2756 et
761 2689 882 2756 ossium
904 2690 1117 2758 humanorum
1140 2692 1255 2775 acervi,
1281 2706 1313 2760 ot

159 2790 394 2873 mortiferorum
405 2804 599 2892 serpentium
610 2803 796 2870 circumfusa
805 2821 938 2871 venena.
952 2796 1040 2870 Tunc
1050 2820 1158 2872 rursus
1168 2804 1256 2874 adest
1267 2807 1319 2873 Sia

162 2919 308 3002 mulatio,
322 2920 361 2986 ad
386 2919 540 2985 Amicitiae
559 2917 799 2985 similitudinem
814 2937 869 2984 ore
894 2919 1069 3004 composito
1082 2928 1119 2985 et·
1135 2919 1220 3005 licto,
1235 2921 1320 2993 facie·
1372 2967 1375 2972 -

160 3036 263 3103 locata
276 3033 472 3121 depictaque‚
489 3045 521 3099 et
532 3052 589 3119 pro
603 3050 715 3100 sereno
731 3031 808 3114 risu,
825 3031 920 3098 labris
933 3031 1067 3099 subdolo
1078 3032 1216 3118 quodam
1234 3034 1319 3102 rictu

162 3149 311 3218 diductis.
326 3148 363 3216 ‘Si
383 3167 477 3235 quom
496 3147 676 3234 prospiciat,
702 3144 848 3228 occurrit,
873 3145 988 3211 blanda
1011 3165 1116 3232 prece,
1134 3147 1320 3234 amorisque·

163 3264 300 3350 quadam
308 3262 413 3351 specie
424 3261 562 3329 deducit.
575 3262 617 3327 At
626 3260 696 3347 quis
708 3260 892 3328 comitatus!
917 3281 1012 3347 quam
1024 3262 1139 3349 turpis!
1161 3274 1319 3349 quantum·

163 3377 329 3444 horrorem
350 3375 464 3442 incutit
479 3373 584 3441 animo
607 3373 761 3442 videntis!
779 3372 916 3458 insidiae,
936 3374 1083 3460 Fallacia,
1104 3375 1212 3460 Dolus,
1237 3378 1322 3445 Pera·

158 3489 281 3577 jurium
291 3492 448 3579 petulans,
460 3487 573 3567 audax,
590 3489 735 3573 infidum,
751 3488 841 3575 cujus
852 3488 1052 3556 Simulationi
1062 3490 1208 3578 inprimis
1220 3512 1321 3578 opera

163 3600 424 3691 commendatum
448 3616 492 3688 et,
520 3603 631 3671 claudo
646 3603 738 3691 pede,
761 3580 921 3687 Adulatio,
938 3604 1028 3670 malae
1053 3605 1127 3673 Deae
1139 3607 1314 3684 emissaria,

163 3718 403 3805 praestigiatriu3
426 3729 459 3785 et
481 3717 576 3801 tristi,
601 3716 801 3803 demissoque
821 3717 920 3796 vultu,
948 3718 1037 3784 tardo
1062 3719 1186 3785 incessu
1208 3719 1325 3786 Poeni-¹·

165 3831 306 3899 tentia...
949 3890 952 3897 .

211 3945 269 4012 llic
283 3964 405 4027 eorum,
424 3965 491 4031 quae
504 3945 598 4011 tradit
615 3942 821 4027 Th'emistius‚
842 3944 913 4010 linis
926 3966 937 4030 ς
962 3945 1060 4011 multa
1088 3946 1199 4012 deesse
1227 3945 1344 4038 sanilo

208 4186 239 4255 (ll
258 4187 450 4256 Aliquidsimite
462 4186 519 4240 virle
534 4184 687 4240 esliuseblo
703 4185 889 4254 depromptum
902 4183 971 4252 optvd
982 4184 1056 4240 Stel).
1074 4186 1167 4254 Ecloo.
1178 4186 1267 4243 Erato.
1284 4189 1323 4250 ll,-

166 4299 193 4352 p.
212 4283 273 4341 206.
