2946 4746
647 298 804 360 -62a
884 324 887 329 ·

160 455 180 486 α
204 444 271 512 quae
286 427 358 494 ante
372 425 518 513 primam,
546 453 560 488 u
585 442 620 494 ae
648 455 663 489 u
691 424 893 500 reviviscendi
914 425 1101 519 promissam
1121 430 1305 506 Democrito

105 542 109 552 '
160 540 329 608 ianitatem
352 566 367 602 n
393 540 516 607 deridet
529 541 585 627 (ll.

203 659 248 726 De
263 659 387 727 Prodici
405 638 606 745 opinionibus
617 671 685 748 quae
710 653 749 729 ad
772 663 920 734 virtutem
935 666 1094 752 pertinent
1117 667 1266 736 similiter
1286 691 1305 737 a

160 771 320 838 nonnullis
342 781 481 838 erratum
500 782 560 839 esti
584 770 740 840 Marsilius
762 775 889 844 Ficinus
917 779 1016 864 (quod
1035 778 1102 868 jam
1116 801 1212 868 supra
1228 783 1305 850 atti-

160 886 284 972 gimus)
296 886 346 952 cui
359 886 488 953 forsitan
500 886 623 952 errandi
633 898 725 954 causa
734 883 793 956 luit
805 890 887 975 quod
901 891 934 956 in
944 893 1078 960 Menona
1087 893 1236 963 Socrates
1251 917 1305 964 se-

160 1018 194 1064 se
209 999 370 1066 aProdico
382 1018 445 1065 non
460 999 536 1065 satis
551 999 709 1067 eruditum
720 989 816 1068 luisse
830 1002 954 1090 dixerit,
977 1004 1009 1069 in
1028 1002 1171 1091 ejusdem
1185 1007 1304 1095 dialogi

160 1123 344 1198 argumento
361 1122 465 1179 narrat
484 1110 644 1180 Socratem
669 1139 684 1175 «
708 1109 840 1200 quatuor
854 1117 1009 1202 Menonis,
1038 1120 1204 1209 Aristippi,
1221 1123 1305 1191 Gor-

159 1224 217 1310 giae
229 1227 393 1290 etProdict
400 1224 439 1290 de
449 1223 562 1292 virtute
572 1224 771 1332 definitiones
780 1229 969 1297 confutasse.
989 1251 1004 1292 u
1019 1231 1181 1318 Nusquam
1194 1246 1305 1303 autem

157 1337 301 1404 videmus
316 1338 423 1405 ubisit
438 1348 554 1423 atquae
577 1338 618 1405 sit
633 1359 669 1405 ea
691 1350 760 1425 quat
771 1340 884 1407 dicitur
904 1361 974 1409 esse
994 1344 1118 1411 Prodici
1141 1346 1302 1416 delinitio.

160 1447 422 1535 Ubiautemqnid
436 1468 472 1515 ea
486 1448 525 1515 de
539 1469 572 1515 re
584 1450 868 1518 volueritinvenire
891 1463 939 1528 est
959 1451 1020 1521 nisi
1043 1455 1075 1521 in
1099 1457 1247 1526 Herculis
1261 1460 1277 1527 f
1291 1499 1305 1510 -

160 1561 252 1630 bula?
262 1563 322 1628 Hic
335 1562 433 1630 virtus
448 1572 640 1629 monstratur
654 1583 691 1630 ea
713 1584 783 1632 esse
798 1565 927 1632 humani
950 1566 1046 1632 'animi
1061 1568 1121 1652 vis,
1149 1570 1200 1635 cui
1230 1571 1304 1638 vitae

127 1757 130 1762 .
159 1686 275 1743 nostrae
284 1675 464 1760 imperinm,
475 1685 523 1757 ut,
532 1675 913 1763 etquando,-etquatcnu‘s
923 1677 1012 1762 libet,
1021 1680 1221 1779 committere
1231 1702 1305 1769 pos·

159 1809 281 1855 sumus.
297 1787 394 1855 Nobis
412 1788 534 1873 quoties
549 1787 657 1855 lecerit
676 1789 862 1876 auspicium,
882 1810 961 1877 opus
976 1802 1119 1858 nostrum
1134 1812 1230 1878 quam
1246 1815 1304 1883 op

161 1904 238 1970 time
250 1901 478 1975 exercebimus,
492 1913 525 1969 et
536 1902 655 1970 indead
667 1901 763 1972 linem
775 1915 916 1972 nostrum
927 1906 1180 1993 nosdirigemus.
1192 1908 1304 1996 ltaque

158 2019 256 2085 'virtus
270 2027 320 2084 est
333 2015 456 2103 proprie
470 1996 583 2101 agilis}
601 2031 703 2101 neque
714 2017 791 2101 otio,
802 2037 905 2103 neque
919 2019 1070 2105 voluptati
1083 2040 1222 2108 congrua
1236 2024 1302 2110 (2),

160 2132 311 2220 quidquid
325 2130 440 2196 blanda
452 2130 608 2196 vocehaec
620 2142 774 2216 precatur,
790 2142 885 2218 negat
897 2131 962 2216 illa,
988 2143 1096 2220 utpote
1110 2135 1173 2220 cui,
1204 2136 1230 2202 si
1255 2157 1307 2204 se-

159 2247 222 2314 tnel
237 2245 381 2327 cessoris,
398 2244 513 2311 iterum
527 2243 704 2330 iterumque
716 2255 748 2311 et
759 2245 860 2332 magis
869 2246 962 2314 tedas
976 2258 1110 2334 oportet.
1137 2251 1179 2316 At
1192 2262 1305 2319 contra

159 2347 276 2444 Virtus,
293 2359 408 2427 laboris
422 2357 556 2445 patiens,
569 2357 634 2425 imo
650 2358 778 2444 periculi
794 2359 894 2443 avida,
911 2360 972 2446 qud
991 2362 1111 2446 tendat,
1132 2365 1304 2450 pulchrum

158 2487 191 2541 et
204 2475 322 2543 bonum
332 2451 520 2560 prospectat,
531 2491 594 2538 non
606 2472 741 2558 cogitato
750 2464 823 2558 quid
839 2483 967 2560 passura
979 2474 1031 2558 sit,
1045 2475 1106 2542 nisi
1116 2480 1306 2563 qnomelius

158 2581 311 2668 firmetur,
335 2585 521 2672 pleniusque
534 2583 568 2650 in
596 2583 644 2650 sui
658 2585 891 2670 possessionem
915 2586 1030 2654 veniat.
1056 2586 1145 2655 Verae
1171 2591 1304 2677 quidem

97 2714 99 2719 ·
158 2699 285 2766 utilitati
301 2697 459 2780 convenit,
473 2696 567 2782 idque
583 2696 616 2762 in
632 2695 750 2764 lubrico
764 2696 834 2763 titre
857 2687 969 2766 itinere
980 2710 1013 2765 et
1029 2701 1142 2767 moniti
1157 2713 1190 2769 et
1203 2703 1306 2772 admi-

158 2812 254 2878 niculi
269 2810 372 2895 datur,
386 2807 514 2894 majoris
534 2827 608 2875 vero
631 2809 784 2875 momenti
807 2826 1003 2897 nequaquam
1027 2811 1223 2883 habendum.
1241 2818 1305 2886 Sed

158 2924 191 2993 in
207 2923 350 3010 eligenda
364 2921 487 2988 uiuendi
498 2921 559 3005 via,
576 2930 608 2987 et
625 2921 776 3008 quidquid
788 2914 862 2990 inde
876 2943 969 3010 agore
983 2925 1071 3009 velit,
1086 2926 1211 2995 nomini
1225 2952 1305 3000 suus

76 3019 82 3031 ’
157 3028 230 3104 imis
253 3055 378 3122 semper
402 3045 475 3100 ante
499 3034 607 3102 oculos
631 3053 700 3102 esse
729 3034 834 3120 debet,
863 3055 937 3122 quo,
960 3035 1092 3104 docente
1112 3039 1243 3127 virtute,
1271 3056 1305 3112 et

76 3218 78 3223 ,
156 3151 236 3218 duce
251 3149 437 3234 assiduaque
449 3145 552 3213 indice
570 3146 693 3215 ratione
705 3146 758 3232 (3),
785 3148 947 3235 pervenire
973 3148 1100 3216 tandem
1121 3163 1228 3237 potest
1244 3152 1300 3240 (l).

157 3251 264 3331 Hostis
275 3273 380 3331 autem
395 3279 520 3346 semper
531 3259 633 3326 adstat
646 3257 700 3326 aut
710 3259 814 3326 obstat
825 3261 980 3347 uoluptas,
998 3282 1065 3347 quae
1076 3261 1304 3334 distrahitani-

156 3382 246 3440 mum
267 3383 320 3440 aut
334 3370 486 3459 impedit3
503 3369 605 3436 hostis
620 3368 842 3455 intensissima,
862 3390 931 3456 quae
952 3370 1105 3438 devictam
1130 3393 1201 3441 sese
1216 3396 1302 3442 uun-

156 3508 251 3575 quam
264 3488 389 3570 latetur,
403 3484 592 3571 expulsaque
603 3504 711 3550 rursus
721 3483 828 3569 instat,
840 3495 933 3572 atque
944 3506 1000 3574 per
1022 3487 1175 3575 quidquid
1191 3491 1303 3559 adula-

156 3603 252 3670 tionis
265 3613 325 3686 cst,
343 3619 425 3686 saepe
439 3598 533 3664 etiam
557 3599 681 3666 virtutis
704 3598 938 3687 indutaspecie,
960 3586 1141 3688 aggreditur
1161 3604 1214 3695 (ὅ).
1237 3606 1301 3676 Sed

193 3755 230 3838 (Ι)
254 3755 307 3823 tin.
323 3768 379 3828 vn,
399 3779 455 3827 uu,
471 3765 515 3819 ss.

201 3870 235 3936 (2)
258 3864 348 3922 Deliis
361 3860 484 3918 omnibus
495 3860 850 3929 Xenophonttlemoratit.
864 3861 917 3918 vid.
931 3865 965 3928 ΙΙ,
979 3865 1006 3930 1,
1021 3866 1112 3924 27-30.

193 3966 227 4035 ld)
245 3972 358 4036 φρόνησις.
369 3961 496 4019 Themist.
510 3963 596 4018 Orat.
608 3961 692 4029 111.p.
704 3959 749 4017 93.

187 4058 225 4133 (li)
239 4068 279 4118 τήν
296 4061 495 4129 μακαριστοτάτην
511 4058 659 4120 εὐδαιμονίαν
680 4058 804 4111 κατῆσθαι.
823 4058 944 4129 Χιῃθρὴθ
961 4061 1000 4118 2⁸0·
1020 4063 1064 4119 33ὁ
1078 4074 1108 4100 .·.
1122 4069 1175 4116 033,
1194 4073 1301 4130 ‚mmm

157 4151 192 4216 D.
206 4158 283 4214 Basti.
297 4155 349 4214 Act.
364 4154 493 4213 atotesc.

196 4255 229 4323 (5)
244 4253 300 4310 vid.
315 4252 441 4310 Themist.
458 4254 543 4308 Orat.
559 4253 604 4311 ΙΙΙ,
617 4251 737 4318 passim.
