2946 4746
690 307 830 362 ..p-

186 451 300 518 magna
322 431 445 497 Graeciae
466 429 610 510 concilia,
636 440 671 496 ut
694 431 783 498 deret
806 428 933 512 nobilis
958 426 1079 495 solebat
1104 426 1198 493 verba
1215 427 1331 511 facere,

184 545 308 630 magnis
322 544 494 611 honoribus
509 563 526 610 a
542 541 701 610 Thebanis
713 543 842 610 allectus
856 542 935 627 luit3
952 552 985 608 et
997 539 1094 629 Grylli
1108 539 1203 620 lilius,
1227 541 1332 608 Xeno-

182 657 268 743 phon
280 657 345 740 illc,
358 655 460 744 cujus,
476 668 510 723 ut
524 656 568 724 ait
592 655 714 741 Cicero,
730 675 836 724 sermo
851 665 900 722 est
913 655 1007 721 melle
1027 653 1169 738 dulcior3
1194 652 1283 740 cujus
1298 665 1330 720 et

183 769 379 837 roce'blusas
400 769 488 855 quasi
508 769 627 836 locutas
651 771 755 837 ferunt
773 769 836 857 (l),
861 768 905 834 ihi
929 786 1051 834 carcere
1071 765 1218 833 detentus
1242 776 1328 853 iqua

183 901 286 968 pugna
308 893 430 969 captus,
455 883 633 968 incertum)
652 904 688 951 ea
705 882 852 950 audiendi
866 881 990 948 Prodici
1012 879 1158 967 cupidine
1172 880 1326 965 flagravit,

182 1007 227 1077 ut,
241 996 380 1082 corporis
394 995 471 1063 vade
481 995 663 1080 constituto,
681 995 889 1063 disserentem
905 993 1125 1060 auscultaverit
1138 990 1197 1070 (at.
1225 992 1329 1059 Xeno-

181 1107 264 1192 phou
276 1119 382 1175 autem
392 1120 467 1175 tunc
478 1109 629 1195 temporis
637 1108 823 1196 jamdudum
836 1106 972 1175 Socratis
984 1104 1106 1172 auditor
1118 1115 1196 1188 erat,
1210 1115 1327 1191 utpote

178 1219 230 1305 qui
246 1221 404 1288 sexdecim
419 1233 473 1288 aut
485 1222 698 1310 duodeviginti
723 1242 823 1290 annos
840 1231 931 1287 natus
947 1219 986 1286 ab
1000 1219 1054 1285 illo
1067 1219 1105 1285 ad
1122 1219 1320 1306 disciplinam

178 1330 279 1398 fuerat
292 1334 460 1401 arcessitus
478 1333 624 1422 (Olymp.
650 1356 787 1418 ιιιιιιιιιιι,
804 1335 837 1418 d,
860 1333 1083 1408 sivenrxnvnr,
1106 1331 1165 1397 l·2
1179 1335 1203 1414 ).
1234 1333 1326 1399 Hunc

179 1444 275 1530 igitur
295 1447 427 1514 minime
442 1447 482 1514 ab
497 1449 653 1516 audiendo
675 1449 820 1532 Prodico,
842 1447 929 1535 quasi
956 1447 1040 1534 parvi
1065 1447 1192 1530 faceret,
1221 1446 1325 1514 deter-

177 1569 283 1625 ruerat
298 1559 442 1627 Socrates
457 1561 523 1646 qui,
541 1561 636 1630 etiam
649 1562 731 1649 apud
750 1562 933 1644 Platonem,
951 1579 1014 1626 non
1027 1560 1125 1626 semel
1148 1559 1263 1626 latetur
1290 1581 1324 1627 se

177 1672 256 1758 Ceii,
272 1676 469 1744 institutione
482 1687 514 1743 et
526 1677 735 1745 familiaritate
750 1678 818 1765 ipsa
829 1695 922 1743 usum
934 1695 1004 1742 esso
1017 1674 1060 1768 (3)
1073 1685 1165 1760 atque
1179 1674 1324 1760 illiquasi

176 1785 210 1851 in
235 1788 470 1856 matrimonium
494 1790 611 1857 multos
633 1791 784 1857 obtulisse
796 1788 1009 1856 fecundandos
1028 1788 1243 1856 adolescentes
1261 1788 1322 1874 (A).

175 1897 246 1966 lam
268 1899 370 1967 libens
392 1901 579 1969 crediderim
606 1904 702 1982 hunc,
729 1913 762 1968 ut
786 1901 943 1983 audirent,
957 1912 989 1966 et
1003 1900 1202 1987 Xenophonti
1218 1911 1251 1967 et
1266 1921 1323 1968 suo
1396 1965 1399 1973 .

175 2008 327 2079 Alcibiadi
342 2015 477 2082 suasisse
494 2016 677 2083 Socratem:
696 2035 769 2082 uam
785 2015 927 2102 pulcrum
941 2012 1051 2081 Cliniae
1068 2013 1180 2097 lilium,
1197 2013 1229 2079 in
1239 2016 1322 2079 Pro-

218 2255 250 2322 (1)
275 2256 360 2312 Orat.
377 2255 420 2312 19.

212 2353 245 2420 (T)
268 2355 344 2408 Hunc
356 2352 507 2410 Philostrati
520 2355 608 2409 locum
619 2353 750 2410 sexcentis
762 2352 847 2409 modis
868 2360 1027 2409 vexaverunt
1040 2352 1208 2421 interpretes,
1224 2350 1251 2406 in
1264 2366 1319 2423 quo

171 2448 301 2514 nonnulli,
321 2456 349 2505 ut
365 2449 443 2506 Mich.
460 2450 592 2517 Neander‚
617 2450 681 2506 nihil
700 2464 785 2520 prope
810 2430 949 2506 uiderunt'
962 2449 1066 2505 Etenim
1078 2448 1246 2504 somniatille
1268 2448 1315 2517 (in

171 2547 257 2604 Lr'hro
278 2550 387 2618 aureo)
403 2547 472 2604 inter
484 2549 605 2619 plurima,
619 2547 713 2605 uadem
725 2563 741 2603 a
752 2547 929 2619 Xenophonte
950 2547 1039 2603 datum
1063 2555 1092 2602 ut
1104 2546 1229 2612 Athenas,
1250 2550 1317 2603 Pro-

172 2641 224 2698 dici
236 2642 359 2698 audiendi
378 2659 467 2711 causa,
481 2644 588 2701 rediret.
611 2645 660 2702 Alii
683 2645 718 2702 de
741 2661 829 2716 pugna
853 2645 963 2710 multum
980 2644 1157 2716 disputavere.
1175 2628 1316 2700 'Deliacam

170 2739 312 2808 coniecere
330 2742 430 2812 plures.
445 2743 514 2799 inter
525 2758 594 2815 quos
605 2743 645 2800 rir
657 2743 764 2800 doctiss.
780 2746 913 2819 Letronne
930 2744 1116 2814 (Biopraphie
1128 2744 1310 2808 Universette

168 2851 228 2892 voc.
249 2838 397 2909 Xenophon
407 2841 427 2908 ).
449 2841 502 2896 Sed
515 2841 718 2912 Xenophontem
729 2841 757 2896 in
772 2840 824 2897 hoc
837 2841 928 2911 praelio
941 2856 956 2896 a
968 2842 1087 2905 Socrate,
1100 2841 1193 2897 mediis
1207 2855 1240 2896 er
1251 2839 1314 2896 hos-

167 2935 239 2991 tibus
261 2944 382 3005 ereptum
395 2937 476 2994 tuisse
488 2938 608 2995 norimus
627 2939 731 3007 (strab.
748 2939 791 2995 lib.
807 2954 851 3004 ιιι;
872 2940 985 3009 Diogen.
1000 2943 1087 2996 Laert.
1103 2955 1136 3003 ιι,
1152 2941 1185 2994 TT
1195 2941 1217 3008 ),
1228 2953 1314 3009 quan·

106 3023 109 3028 ’
167 3046 247 3102 quam
256 3047 305 3102 pro
318 3034 495 3105 Xenophonte
508 3035 670 3092 Alcibiadem
679 3035 758 3091 tradit
769 3036 925 3092 Plutarchus
955 3037 1029 3106 (Vr't.
1038 3037 1197 3106 Alcibiad.)
1213 3036 1315 3094 Adver-

166 3149 212 3190 sus
228 3136 296 3192 hanc
308 3136 462 3207 opinionem
476 3139 640 3204 Welckerus,
655 3138 701 3210 qui
712 3148 793 3195 totam
810 3153 865 3194 rem
877 3137 904 3192 in
923 3137 1033 3194 dubium
1051 3145 1137 3203 uocat,
1153 3134 1329 3205 Thucydidis

169 3237 226 3301 (rr,
241 3236 293 3306 96)
312 3238 489 3295 testimonium
507 3241 592 3306 allert,
606 3239 682 3310 quasi
693 3239 736 3295 hic
749 3239 851 3295 diceret
862 3237 949 3308 nullos
966 3252 999 3293 ex
1025 3252 1058 3293 ea
1072 3251 1159 3306 pugna
1182 3235 1313 3292 abductos

164 3344 223 3387 esse
235 3347 250 3388 a
263 3335 397 3391 Thebanis
407 3336 534 3405 captivos,
549 3337 623 3409 quod
637 3338 733 3393 trustra
746 3337 817 3407 apud
831 3335 1014 3406 Thucydidem
1024 3334 1154 3406 requiras.
1327 3349 1328 3352 ¹

200 3429 303 3498 Krdger
319 3431 368 3502 (de
381 3436 558 3512 Xenophont‚
570 3433 615 3489 vit.
632 3449 657 3502 p.
674 3434 718 3499 17,
735 3433 819 3503 1811)
840 3434 949 3504 putabat
960 3433 1012 3488 hoc
1025 3431 1082 3486 lieri
1092 3431 1209 3500 potuisse
1226 3431 1311 3499 Oropi

167 3526 175 3592 (
183 3524 290 3597 Olymp‚
302 3543 369 3594 scir,
385 3529 414 3597 1)
432 3529 506 3600 quod
515 3531 578 3587 satis
590 3532 645 3587 ueri
656 3531 740 3587 simile
751 3530 864 3596 ridetur,
875 3530 979 3602 'quippe
991 3529 1119 3599 oppidum
1133 3529 1195 3591 hoc.
1211 3528 1238 3583 in
1255 3543 1323 3604 quo·

162 3631 220 3677 erat
230 3625 427 3683 Atheniensium
440 3629 600 3698 praesidium,
612 3629 698 3685 Boeoti
711 3645 760 3700 per
769 3629 949 3707 proditionem
958 3636 1087 3699 ceperunt
1106 3627 1236 3697 (Thucyd.
1245 3642 1309 3692 rur,

162 3719 231 3786 6111,
252 3722 302 3779 uisi
325 3726 400 3782 malis
418 3726 533 3798 aliquem
550 3727 681 3799 suspicari
701 3743 881 3800 congressum,
902 3728 996 3798 quales
1014 3728 1041 3782 in
1058 3726 1229 3782 diuturnitate
1245 3725 1309 3781 belli

161 3819 307 3878 millesono
321 3824 406 3890 luere,
422 3826 538 3884 minores
547 3836 635 3885 tamen
647 3809 728 3899 onam
742 3837 770 3885 ut
782 3828 927 3899 scriptores
935 3835 1123 3884 memorarent.

199 3918 232 3987 (δ)
256 3925 347 3986 Meno,
360 3924 405 3987 22,
421 3926 457 3988 C;
472 3930 589 3996 Proteo.
605 3925 666 3990 205,
689 3929 729 3992 ll;
747 3928 859 3997 Cratpl.
881 3925 944 3992 257,
960 3929 996 3992 Ε;
1024 3926 1109 3994 Hipp.
1127 3925 1199 3994 maj·
1215 3923 1260 3988 96,
1274 3926 1305 3980 B.

159 4015 198 4070 Cl.
211 4019 326 4076 AEschin.
341 4022 481 4088 Socratlc„
496 4024 551 4081 sive
570 4025 613 4082 cui
626 4025 700 4082 malis
712 4025 863 4082 adscribere
873 4027 1032 4084 axtoconm
1050 4024 1117 4094 (729
1131 4024 1176 4091 C.)
1200 4031 1227 4078 et
1240 4027 1310 4096 Erp.

157 4130 249 4172 utam.

196 4211 229 4280 (lp
254 4217 387 4272 Theaetet.
410 4217 468 4284 118,
492 4224 529 4289 Α,·
557 4221 595 4278 Cf.
624 4221 773 4291 Simplicius
792 4221 818 4276 in
838 4222 983 4280 Enchirtd.
1005 4220 1088 4292 Epict.
1107 4235 1181 4287 aava,
1197 4237 1225 4294 p.
1241 4219 1304 4286 all,

157 4306 224 4367 Edit.
242 4312 401 4372 Heinsianae.
