2946 4746
647 322 686 334 -
706 280 744 349 aa
767 324 805 331 --

158 429 288 507 corpora
299 426 419 493 sumus,
439 419 535 484 auinii
549 440 620 484 reru
636 417 750 501 divini,
767 418 1040 506 immortalesque,
1059 417 1179 488 tautum
1196 425 1253 490 bac
1276 426 1307 490 in

159 543 240 599 terra
254 534 504 621 peregrinantes,
520 544 551 600 et
564 533 634 620 plus
660 532 804 599 minusve
818 532 851 598 in
876 534 936 601 hoe
948 536 1099 621 corporis,
1120 538 1202 622 qued
1225 560 1308 627 supe

159 645 237 714 duro
251 667 309 735 pro
322 663 445 714 earcere
458 646 602 731 babetur,
621 645 820 714 tabernaculo
843 647 1007 733 degentes,
1032 663 1217 736 argumenta
1233 641 1309 720 atle-

161 760 247 828 rebat
267 758 362 848 hujus
373 762 429 828 aevi
442 762 567 829 dolores
578 773 610 828 et
627 761 792 828 diuturnos
804 770 836 826 et
855 761 904 826 vir
920 761 1041 829 levibus
1055 763 1243 849 quibusdam
1258 787 1309 834 ra·
1353 856 1354 861 ἵ

161 882 270 968 uisque
287 876 411 969 gaudiis
425 881 602 967 admixtos3
619 890 724 967 atque,
742 878 890 946 omnibus
906 880 1019 963 aetatis,
1042 892 1076 947 ut
1087 882 1196 968 paucis
1211 883 1309 949 versi-

160 989 217 1058 bus
229 1001 322 1058 antea
334 991 450 1058 lecerat
459 991 633 1078 Sophocles
649 991 711 1077 (l),
735 992 932 1078 perlustratis
945 993 1076 1077 vicibus,
1094 995 1213 1060 nullam
1231 994 1319 1061 cala-³
1423 1030 1427 1035 -

160 1102 323 1172 mitatibus
335 1124 443 1172 vacare
455 1104 649 1172 monstrabat
662 1135 671 1191 3
685 1105 733 1191 cuj
739 1125 774 1171 us
787 1106 818 1170 iu
830 1105 976 1187 decursu,
992 1117 1157 1193 postquam
1172 1107 1311 1174 caelestis

131 1212 138 1219 ’
160 1216 245 1284 illius
259 1217 448 1304 cognatique
463 1217 590 1285 aetheris
608 1218 765 1285 desiderio
785 1218 926 1285 animum
949 1219 1061 1302 teneri,
1086 1231 1118 1286 et
1140 1221 1229 1306 quasi
1258 1220 1310 1288 siti

160 1331 282 1416 ardere,
298 1342 539 1416 memoraverat,
552 1352 591 1399 eo
607 1331 752 1398 veniebat
769 1342 803 1398 ut
817 1352 873 1418 per
888 1342 1023 1399 mortem
1043 1352 1060 1397 a
1076 1333 1180 1409 malis,
1205 1354 1269 1400 uon
1294 1355 1311 1400 a

161 1440 252 1513 bonis
264 1446 377 1513 abduci
390 1467 448 1514 nos
463 1457 629 1529 assereret,
643 1443 677 1514 ut
693 1457 762 1534 quae
774 1447 911 1514 miseriis
925 1448 1081 1534 exilioque
1094 1449 1190 1514 finem
1207 1449 1308 1517 atlert.
1373 1513 1376 1519 ,

163 1555 310 1625 Ceterum
320 1558 456 1625 mortem
468 1542 527 1625 ricc
536 1558 830 1644 adviventesneque
840 1558 879 1625 ad
887 1559 1053 1626 defunctos
1061 1559 1217 1646 pertinere
1229 1589 1236 1645 3
1250 1550 1313 1626 illis

161 1670 262 1753 enim,
278 1671 351 1757 quia
361 1671 393 1737 in
410 1672 473 1738 vita
485 1671 560 1754 sint,
573 1682 707 1738 mortem
720 1670 800 1736 nihil
815 1671 917 1738 adhue
931 1691 1014 1756 esse,
1029 1671 1079 1738 his
1089 1691 1160 1738 eam
1170 1691 1234 1738 non
1245 1691 1314 1738 ma-

160 1783 209 1869 gis
220 1802 290 1850 esse
301 1803 396 1869 quam
408 1784 550 1851 nondum
566 1783 659 1867 natis,
675 1783 820 1870 quianon
836 1784 900 1851 sint
914 1795 1006 1870 atque
1022 1785 1109 1851 omui
1137 1805 1233 1851 seusu
1257 1805 1311 1851 ca·-
1332 1870 1335 1877 ¹

162 1908 261 1964 ceant.
276 1897 432 1965 Praeterea
446 1898 506 1965 hoc
522 1898 722 1984 potissimum
735 1900 823 1986 argui
839 1911 974 1966 mortem
990 1919 1055 1967 iton
1070 1920 1140 1967 esse
1165 1901 1285 1966 malum
1302 1954 1310 1975 ,

162 2011 246 2095 quod
261 2012 356 2099 hujus
370 2011 419 2078 Dii
444 1994 629 2079 mortalibus
644 2033 722 2098 quos
738 2013 874 2080 maxime
897 2014 1094 2097 adamavere,
1121 2013 1311 2080 beneficium

163 2144 256 2209 quam
272 2125 410 2191 maxime
425 2125 670 2211 properaverint.
690 2119 763 2192 Haec
777 2127 881 2192 omnia
897 2174 905 2210 ,
928 2126 1037 2194 multis
1051 2127 1216 2213 exemplis,
1235 2147 1312 2213 poe⁴

163 2249 328 2325 torumque
357 2239 434 2305 loeis
462 2239 564 2306 allatis
590 2239 731 2326 probata,
762 2252 892 2326 postea,
919 2241 1093 2328 sophistam
1117 2237 1255 2324 imitati,
1283 2251 1316 2307 et

163 2354 281 2422 ethnici
293 2355 454 2441 sapientes
465 2366 498 2421 et
509 2354 693 2422 Christianae
708 2343 779 2421 lidei
796 2355 959 2439 doctores,
984 2355 1091 2441 paucis
1115 2355 1312 2439 immutatis,
1394 2415 1407 2441 ,

164 2476 198 2532 ut
210 2465 291 2532 inira
306 2465 498 2549 videbimus,
524 2467 677 2552 retulere3
704 2463 760 2532 sed
774 2466 857 2552 quod
875 2465 907 2531 in
933 2466 1151 2548 bislaudatur,
1173 2466 1258 2532 idem
1282 2468 1315 2532 in

163 2580 295 2648 Prodico
307 2581 493 2667 damnatur3
511 2582 590 2648 adeo
605 2564 701 2665 istud,
719 2580 802 2666 quod
818 2580 951 2647 accrevit
977 2580 1005 2645 ci
1023 2599 1140 2646 nomen
1165 2580 1314 2666 soplilstae

163 2694 259 2761 etiam
273 2695 356 2784 apu'd
372 2706 514 2783 posteros
528 2696 680 2783 quidquid
696 2678 806 2762 babuit
820 2695 988 2790 optimum,
1006 2695 1037 2761 in
1053 2696 1192 2762 deterius
1202 2697 1312 2763 uertit!

208 2804 349 2876 Illasuut
360 2810 400 2876 de
415 2809 529 2895 quibus
543 2830 615 2876 eum
631 2809 756 2875 selectis
783 2808 977 2874 auditoribus
998 2820 1029 2875 ct
1049 2808 1137 2894 quasi
1153 2809 1314 2875 sodalibus

161 2908 341 2991 disserebat
349 2923 517 3006 Prodicus,
529 2940 659 3010 quaeque
679 2922 838 2989 interioris
863 2921 1026 3008 'cujusdam
1043 2921 1192 2988 doctriua
1207 2921 1315 2988 haberi

163 3050 314 3127 possunt3
332 3059 454 3123 verum,
468 3049 503 3105 ut
518 3036 746 3124 supradictum
767 3046 838 3119 est,
856 3054 930 3101 mex
950 3035 1014 3101 lere
1031 3033 1178 3101 ornatibus
1199 3034 1316 3122 imper-

163 3152 220 3219 tita
237 3152 531 3239 communicataque
553 3150 717 3236 disciplina
732 3161 792 3232 est,
810 3160 842 3214 et
856 3147 930 3214 inde
945 3148 1079 3236 plurima
1095 3142 1314 3234 percrebuere,

163 3267 207 3334 ita
220 3268 340 3335 omisso
355 3266 456 3353 magis
477 3286 513 3332 ae
532 3264 633 3351 magis
658 3263 836 3329 auditorum
862 3260 1065 3340 discrimine,
1091 3272 1125 3327 ut
1145 3261 1178 3326 in
1193 3261 1314 3349 Lyceo,

163 3380 290 3468 publico
307 3379 551 3447 Atheniensium
572 3377 645 3444 ludo
670 3375 727 3458 (ll,
746 3375 898 3462 quidquid
919 3375 958 3441 de
984 3374 1122 3441 externis
1138 3373 1230 3442 bonis
1249 3376 1318 3463 opi-

163 3503 313 3574 naretur,
342 3501 530 3578 exponeret,
558 3500 650 3575 atque
674 3507 746 3554 vera
768 3486 806 3552 de
831 3485 949 3552 divitiis
970 3486 1108 3572 prolerre
1129 3498 1316 3571 conaretur,

78 3588 82 3595 ’
166 3633 181 3666 «
210 3589 321 3691 quales
341 3611 416 3670 sunt
432 3603 485 3689 qui
501 3612 649 3686 utuntur,
665 3601 744 3668 tales
765 3600 841 3688 ipsis
862 3599 926 3665 sint
947 3617 1076 3665 necesse
1104 3618 1192 3683 esse,
1213 3597 1318 3684 itaque

163 3741 227 3786 non
245 3719 344 3787 cuivis
358 3718 478 3785 bonum
490 3737 560 3784 esse
573 3735 704 3804 magnas
716 3735 793 3801 opes
804 3712 941 3798 habere3
958 3712 1101 3798 improbo
1116 3713 1202 3778 enim
1217 3713 1317 3779 multo

162 3833 263 3902 satius
288 3852 358 3900 esse
382 3832 408 3898 si
428 3831 469 3898 sit
485 3849 602 3917 pauper
622 3849 716 3915 qnam
737 3827 763 3894 si
789 3826 893 3909 dives,
916 3825 1031 3911 quippe
1057 3845 1106 3890 cur
1124 3844 1180 3911 per
1194 3824 1319 3893 divitias

163 3949 256 4017 latior
268 3958 374 4035 pateat
389 3947 428 4013 ad
444 3943 636 4032 peccandum
651 3943 710 4008 uia.
730 3968 743 4001 u
761 3940 853 4020 Qum,
875 3959 972 4024 quum
992 3938 1139 4006 subtilius
1154 3947 1249 4026 qualn
1266 3961 1318 4007 sa-

162 4063 204 4131 tis
218 4073 298 4143 erat,
316 4058 468 4146 disputari
489 4057 681 4137 uiderentur,
702 4052 873 4118 multorum
889 4048 1084 4135 appositione
1101 4052 1318 4138 exemplorum
1363 4069 1365 4074 ·

201 4304 233 4365 lli
256 4302 356 4370 onuqt
374 4302 472 4355 Coton.
490 4313 511 4352 r.
530 4296 598 4352 1:³25
613 4325 630 4332 -
649 4293 727 4349 libb.
