2946 4746
650 326 689 340 ..
710 299 746 356 ῃ
769 328 807 339 ..

159 399 302 513 quamvis
324 444 397 491 eum
417 424 481 491 fere
507 443 661 510 nusquam
676 423 744 491 sine
760 424 879 489 honore
899 426 1095 510 memoravit,
1116 430 1301 516 osophista·¹

158 562 230 611 rum
255 560 387 607 numero
410 539 528 607 exemit
543 558 743 625 :quanquam
765 537 851 604 idem
871 537 938 620 ille,
965 550 999 606 ut
1014 546 1118 608 orator
1147 553 1213 610 erat
1235 544 1298 610 tarn
1336 623 1342 640 .

159 655 292 723 idoneus
302 674 395 741 quam
407 653 570 728 dissertus,
588 671 689 738 neque
701 672 752 726 res
765 651 879 729 verbis,
894 652 949 719 sed
960 653 1053 720 verha
1065 654 1158 722 rebus
1173 656 1302 744 subjun-

158 789 233 855 gere
248 759 430 850 conahatur,
452 768 495 834 ita
511 787 649 849 severus,
679 747 842 853 gravisque
866 768 1085 856 philosophus,
1112 790 1175 836 non
1200 773 1302 859 magis

160 883 235 971 quid
256 883 327 949 novi
340 903 433 968 quarn
446 883 520 969 quid
534 881 599 948 veri
620 881 788 961 inveniret,
817 882 980 965 sollicitus.
1007 904 1024 949 a
1046 905 1169 972 quoque
1182 886 1302 972 optimo

160 995 311 1081 magistro
329 995 447 1082 accepit
457 1005 489 1060 et
503 993 609 1061 docuit
620 1014 690 1079 quae
702 993 829 1060 maximi
839 994 877 1061 rin
892 995 1058 1061 hominnm
1073 997 1134 1063 vita
1150 999 1302 1065 momenti

160 1127 231 1174 esso
256 1106 455 1190 viderentur,
484 1106 585 1173 Deum
610 1124 693 1186 esse,
714 1125 836 1186 verum,
861 1105 992 1185 honum,
1014 1090 1179 1191 sanctum,
1201 1129 1219 1174 a
1241 1131 1303 1196 quo

161 1217 268 1284 omnia
284 1229 448 1303 quaesunt,
466 1227 614 1303 tanquam
633 1217 793 1284 communi
819 1217 905 1283 fonte
928 1217 1093 1305 oriuntur3
1113 1219 1166 1304 qui
1181 1221 1303 1287 homini

161 1330 305 1399 libertate
318 1331 448 1419 praedito
466 1331 624 1418 egregiam
638 1330 761 1398 uirtutis
772 1331 820 1398 vcl
838 1330 997 1398 laboribus
1013 1332 1202 1417 etpericulis
1220 1356 1305 1421 quae—

163 1445 267 1513 rendae
284 1424 387 1532 legem
408 1445 576 1532 imposuit3
599 1444 652 1532 qni
672 1444 702 1511 ei
717 1443 859 1511 animum
877 1444 931 1510 dat
951 1445 1174 1529 immortalem,
1195 1459 1231 1514 nt
1250 1469 1307 1535 ge-

128 1568 132 1573 ’
163 1559 298 1626 nuinum
320 1558 419 1646 ipsius
445 1558 652 1643 domicilium,
674 1557 904 1644 genuinamque
923 1558 1055 1643 patriam
1076 1559 1190 1626 coelum
1214 1581 1306 1650 repe-

164 1679 209 1738 tat
235 1672 285 1756 (l)
313 1679 478 1757 postquam
504 1670 628 1738 vivendi
654 1670 843 1737 curriculum
869 1671 1073 1755 confecerit,.
1095 1671 1148 1738 uhi
1176 1673 1306 1759 quiquid

163 1803 375 1851 aerumnarum
400 1783 582 1850 dolorumve
600 1783 730 1864 accidat,
758 1793 792 1849 ut
808 1782 1027 1868 quotidianum
1042 1783 1164 1853 roboris
1182 1787 1305 1880 experi-

163 1887 332 1981 mentuu'r,
362 1897 496 1964 libenter
521 1896 615 1965 debet
641 1898 810 1984 suscipere.
849 1897 1044 1983 Eloquentia
1080 1900 1308 1986 sapientiaequc

163 2012 270 2100 magni
291 2012 463 2079 aestimatus
476 2011 625 2098 magister
641 2011 692 2094 (2),
710 2010 860 2079 Prodicus
873 2013 976 2079 nullos
989 2032 1006 2079 e
1018 2031 1074 2079 soa
1090 2014 1197 2080 schola
1214 2015 1305 2097 tales

164 2127 275 2215 quales
302 2126 397 2194 ceteri
428 2126 588 2212 sophistae,
615 2125 727 2192 extulit
753 2110 934 2211 discipulos.
958 2127 998 2192 Hi
1026 2126 1111 2193 enirn
1136 2148 1252 2214 neque,
1272 2142 1309 2195 ut

165 2240 273 2323 Polus,
294 2240 512 2307 intolerantius
532 2258 601 2306 sese
612 2237 748 2325 jactant3
773 2258 888 2324 neque,
905 2251 940 2306 nt
952 2238 1109 2325 Callicles,
1127 2262 1189 2329 prae
1206 2262 1239 2308 se
1264 2243 1310 2310 lc-

167 2360 241 2421 rnnt
267 2354 352 2422 falsae
382 2354 457 2420 artis
484 2352 711 2440 impudentiam
749 2352 989 2439 speciosumque
1016 2354 1136 2440 rohur3
1173 2356 1308 2442 denique

165 2469 278 2537 eodem
294 2470 412 2556 animo,
425 2487 487 2556 quo
501 2460 609 2554 postea
619 2465 767 2552 magister
783 2466 862 2551 ipse,
887 2466 1075 2536 moriuntur.

201 2583 315 2666 ‘Quum
336 2584 364 2650 is
380 2603 444 2650 non
464 2592 548 2649 esset
561 2580 613 2666 qui
628 2590 816 2666 praecareret
829 2581 935 2647 omnia
958 2600 1026 2666 quae
1050 2582 1142 2649 docet
1156 2583 1311 2670 Protago-

168 2703 219 2766 las
237 2697 297 2781 (3),
314 2708 349 2763 ut
361 2697 494 2764 salutern
511 2714 599 2762 suam
622 2703 774 2776 tueretur,
794 2693 944 2760 Prodicus
957 2714 1020 2761 non
1035 2704 1171 2779 tantum,
1193 2706 1228 2763 ut
1241 2697 1312 2783 qui-

168 2809 241 2878 dam
255 2809 365 2892 voluit,
380 2808 591 2895 sophistarum
603 2797 881 2873 innocentissimus
895 2806 954 2872 fuit
970 2807 1031 2892 (l),
1048 2798 1104 2874 sed
1123 2809 1253 2896 perinde
1276 2831 1311 2878 ae
1389 2798 1391 2802 ’

169 2921 314 3017 Socrates
327 2922 406 3010 ipse,
429 2921 569 2987 veritatis
583 2919 733 3006 usquead
757 2929 891 2985 mortem
904 2920 1075 2987 acerrimus
1087 2934 1310 3010 propugnator.-

169 3025 342 3123 Curigitnr
356 3046 524 3120 utrumque
540 3052 637 3126 quum
656 3033 735 3099 calix
759 3043 943 3114 venenatus,
972 3044 1007 3126 ut
1026 3035 1152 3121 egregie
1175 3036 1313 3122 loquitur

170 3152 290 3220 Seneca
307 3135 358 3236 (ὅ),
372 3147 594 3216 transtulerite
609 3166 734 3243 carcere
746 3147 780 3212 in
792 3147 920 3231 eoelum,
935 3167 1000 3213 non
1014 3157 1182 3235 utrumque
1197 3151 1313 3237 pariter

130 3294 133 3307 ·
169 3284 292 3333 sacrum
303 3262 396 3330 lecit?
411 3261 525 3344 Quare,
543 3281 640 3347 quum
655 3259 800 3326 laudibus
816 3259 912 3326 tantis
924 3260 1059 3348 inclytus
1073 3263 1232 3329 extollitur
1245 3263 1313 3330 dis-¹

170 3377 304 3464 opulus,
330 3386 398 3441 tum
413 3373 604 3465 turpissimis
619 3372 743 3440 inustus
762 3371 1001 3439 maledictorum
1015 3374 1098 3440 notis
1112 3375 1312 3461 sempiternae

171 3491 337 3569 hominnm
373 3486 534 3556 memoriae
561 3485 693 3553 traditur
714 3486 766 3572 qui
794 3486 822 3551 ei
843 3485 1051 3572 philosophiae
1080 3488 1207 3554 moralis
1231 3488 1314 3556 viam·

211 3787 245 3855 (ll
266 3783 352 3843 Cicer.
366 3788 479 3842 Tuscul.
494 3789 601 3854 Quoest.
615 3784 692 3848 1,*11.
708 3813 743 3825 -
756 3781 797 3839 cl.
812 3786 853 3838 De
865 3784 975 3838 senece.
988 3782 1057 3836 xxl.

213 3883 251 3955 (2)
268 3893 321 3935 τότε
333 3888 436 3947 pdproro'a
447 3885 612 3952 dropae'rcoiq
621 3886 702 3936 Ellnur
718 3884 807 3946 ἔχοντος
820 3884 855 3931 ἐπὶ
867 3885 944 3948 copisa.
968 3879 1076 3949 many&
1098 3877 1180 3935 Halic,
1201 3882 1316 3936 merli-¹

179 3995 235 4048 tes,
250 3985 271 4040 l.
850 3965 851 3969 ¹

215 4081 247 4150 (3)
271 4079 334 4135 rlar.
350 4084 468 4147 Protap.
484 4077 545 4133 196.
564 4079 594 4132 h.
607 4079 640 4130 D.
710 4135 712 4139 ,

215 4178 247 4246 llll
271 4171 395 4245 Spengel,
407 4172 598 4240 Artscript..
616 4185 642 4240 p.
657 4169 702 4227 59.

216 4275 248 4344 (5)
273 4272 388 4342 Epistol.
406 4270 502 4324 LXVII.
520 4297 553 4310 -
567 4267 607 4325 cl.
622 4267 741 4336 Epistol.
758 4269 827 4332 lllll,
839 4268 899 4322 sub.
913 4268 957 4322 sm.
977 4329 980 4336 ,
