2946 4746
708 309 908 364 arr-‘-x

213 435 329 501 duosve
351 434 480 520 obolos)
496 432 533 516 ill
551 433 728 500 mercedem
745 433 858 520 exegit.
878 431 960 514 Quid
971 432 1068 499 iude?
1084 452 1156 498 cum
1177 432 1269 498 variis
1281 452 1355 519 pro-

213 547 287 629 riis,
305 544 340 614 ut
353 568 392 614 ex
411 548 472 614 isto
498 551 633 613 Aniochi
657 547 726 613 loco
749 547 918 633 colligunt,
936 545 1109 612 doctrinam
1131 545 1272 612 venalem
1297 546 1354 611 ha-

184 666 188 674 ’
212 659 318 727 huisse
329 659 400 747 (Pil
414 659 578 740 Quomodo
593 669 696 725 autem
713 659 816 745 possis
838 659 963 726 credere
988 656 1173 744 magistrum
1185 678 1222 724 ea
1235 658 1355 744 ingenii

212 783 245 839 et
258 772 397 858 scientiae
413 772 503 839 laude
517 773 701 854 florentem,
719 792 788 839 sese
809 772 897 858 quasi
920 772 1014 857 vtrlgo
1039 771 1214 858 publicasse
1225 825 1247 861 a.
1262 783 1356 858 atque

212 882 275 951 u‘na
293 886 461 969 drachma,
486 885 647 953 duobusve
663 885 763 952 obolis
778 885 906 952 cuilibet
920 885 1037 971 petenti
1053 886 1135 952 hano
1154 886 1278 953 illamve
1303 908 1357 954 sa-

213 999 339 1087 pientiae
354 1011 476 1086 partem
490 999 678 1066 tradidisse?
690 1000 759 1065 lam
772 1009 804 1066 et
818 999 950 1066 minime
970 998 1053 1085 quod
1069 999 1109 1066 de
1129 999 1355 1086 quinquaginta

214 1113 371 1181 drachmis
381 1111 507 1180 vendita
521 1117 779 1180 demonstratione
791 1112 916 1195 dicitur,
930 1113 1227 1198 congruerevideas,
1239 1117 1355 1202 quippe

214 1248 282 1313 quae
294 1226 391 1293 nimis
405 1226 529 1293 distata
546 1226 669 1293 cereus.
685 1225 784 1311 Igitur
798 1225 829 1292 id
843 1225 910 1291 heri
922 1226 1031 1311 nequit
1043 1237 1079 1293 ut
1096 1247 1132 1293 ea
1150 1247 1212 1294 uno
1233 1238 1355 1294 tautum

214 1360 286 1407 cum
304 1340 466 1427 discipulis
481 1339 637 1426 colloquio
651 1339 820 1406 'constaret
836 1369 842 1406 :
861 1360 923 1426 qua
947 1340 986 1407 de
1006 1360 1038 1406 re
1055 1351 1124 1407 tota¹
1144 1340 1256 1427 cuique
1282 1341 1357 1408 dili-

213 1466 324 1541 genter
340 1455 515 1521 attendenti
534 1454 623 1521 facile
638 1465 687 1520 est
706 1453 953 1521 animadvertere
968 1475 985 1521 a
1001 1454 1131 1520 Platone
1151 1455 1282 1541 aliisque
1297 1456 1358 1524 So-
1410 1456 1412 1460 ’

214 1568 338 1635 craticis
354 1567 401 1649 (3)
415 1568 447 1635 id
459 1568 578 1635 comice
593 1568 662 1654 agi,
678 1567 761 1653 quod
774 1566 912 1634 invideat
924 1569 1161 1655 Aristophanes,
1189 1569 1270 1636 sicut
1279 1570 1353 1646 illis,

214 1696 246 1751 et
260 1676 432 1771 praeser'tim
445 1685 484 1751 dc
498 1683 630 1751 Prodico
644 1704 726 1771 saepe
740 1684 959 1770 exprobratum
974 1684 1034 1771 (i).
1051 1685 1117 1771 Ego
1131 1684 1280 1753 libentius
1291 1707 1361 1753 cre«

214 1799 355 1864 deremL
367 1797 531 1865 drachmas
543 1797 705 1883 cujusdam
720 1817 843 1883 magnae
855 1797 952 1884 partis
974 1797 1109 1882 pretium
1128 1799 1221 1865 totius
1233 1799 1355 1866 instituss

214 1909 309 1976 tionis
321 1908 431 1992 fuisse,
445 1920 492 1992 ut,
508 1909 709 1996 tardigrada,
721 1909 939 1995 preceptionis
953 1923 996 1977 τῆς
1008 1920 1064 1992 περὶ
1077 1917 1198 1992 ὀνομάτων
1213 1919 1354 1994 ὀρθότητος,

212 2027 275 2111 cui,
291 2038 324 2094 ut
338 2027 413 2094 satis
439 2027 656 2112 explicaretur,
680 2024 789 2092 multis
806 2023 999 2092 orationihus
1024 2045 1102 2110 opus
1127 2037 1213 2108 erat3
1242 2027 1357 2113 quihus

216 2131 394 2207 constitisse
408 2159 501 2226 quam
517 2149 629 2207 uocant
652 2138 950 2206 demonstrationem
977 2138 1127 2226 (ἐπίδειξιν)
1151 2141 1226 2208 satis
1240 2143 1359 2229 perspi-

256 2358 288 2424 (tt
309 2357 425 2412 Axioclt.
437 2356 500 2419 729,
514 2359 543 2411 F.

253 2458 290 2524 (2)
314 2455 407 2513 Mirum
417 2469 480 2512 saue
493 2454 565 2526 quod
579 2453 695 2510 Hardiou
706 2465 732 2511 et
746 2457 953 2511 Bartholomaeus
964 2456 1010 2526 qui
1029 2457 1062 2511 de
1075 2456 1167 2512 multis
1180 2463 1280 2510 rectum
1294 2454 1356 2511 Pro-

216 2553 268 2610 ‹lici
282 2552 518 2623 lerereJ'udicium.
530 2554 598 2609 hanc
608 2553 759 2624 opinionem
777 2553 936 2609 admiserint.
959 2553 1125 2621 lllemoires
1139 2554 1173 2607 cle
1187 2553 1291 2610 t'Acad.
1306 2554 1356 2610 des

215 2651 428 2720 inscriptions,
442 2650 536 2715 iudi,
556 2666 646 2729 xxxvi.
663 2666 688 2721 p.
703 2650 775 2716 2593
791 2653 982 2715 Anacharsis,
1003 2666 1027 2706 c.
1044 2649 1078 2706 58
1093 2659 1119 2706 et
1131 2650 1195 2719 77).
1218 2650 1270 2705 Sed
1293 2657 1356 2708 satis

216 2751 304 2813 mirari
317 2766 370 2806 non
385 2766 490 2820 possum
500 2751 571 2821 qood
585 2753 610 2807 iu
625 2751 719 2807 librum
732 2751 842 2807 murima
852 2751 986 2821 diligentia
999 2750 1190 2819 compositum,
1204 2765 1282 2819 quern
1297 2751 1353 2805 uni·

216 2865 298 2905 rersae
311 2849 481 2920 philosophia
494 2850 618 2918 templum
631 2848 724 2905 merito
734 2848 854 2911 dixerim.
870 2863 902 2904 ea
913 2848 937 2903 iu
952 2847 1092 2904 Prodicum
1105 2846 1260 2902 declamatio
1274 2848 1355 2916 irrep·
1407 2884 1415 2897 ,

214 2947 295 3010 serit,
309 2961 369 3017 quae
382 2962 474 3003 earnes
488 2947 561 3002 facile
575 2946 825 3015 violentiasuperat.
842 2945 921 3012 Quod
935 2945 1039 3000 minime
1052 2958 1121 3000 tere
1139 2952 1164 2998 et
1181 2959 1279 3010 magnae
1299 2944 1356 3012 phi·

213 3045 342 3114 losophiae
353 3046 485 3115 quadrat:
505 3065 516 3094 t
530 3044 596 3100 Nihil
609 3045 680 3099 enim
692 3057 813 3113 maguum
825 3043 962 3112 quodnou
977 3051 1004 3099 et
1022 3043 1161 3113 placidum.
1182 3063 1193 3090 ο
1209 3041 1266 3096 vid.
1290 3042 1360 3096 Dic.

215 3124 362 3200 tionnat're
380 3143 428 3198 des
439 3142 562 3207 scientes
574 3141 814 3212 philosophique,
831 3150 880 3197 art.
898 3141 1044 3213 Prodicus.

255 3244 289 3311 (ὃ)
310 3242 440 3307 AEschini‚
451 3256 530 3312 quem
544 3241 630 3297 lerunt
647 3249 780 3296 auctorem
794 3241 873 3296 luisse
885 3241 1022 3302 Aniochi.
1045 3239 1088 3296 uhi
1101 3240 1237 3296 cavillatur
1250 3241 1275 3294 iu
1288 3241 1356 3294 Pro·
1377 3247 1380 3257 ’

214 3341 275 3397 dico
292 3342 434 3406 «nemini,
458 3341 508 3396 nisi
521 3342 606 3397 soluta
619 3342 741 3413 mercede
757 3341 878 3403 licuisse,
903 3340 977 3396 istius
998 3340 1161 3397 orationihus
1181 3341 1323 3404 interesse,
1340 3363 1358 3394 l⁸

214 3435 384 3490 necessarior
398 3434 460 3498 luit,
484 3443 513 3490 ut
533 3444 591 3491 erat
605 3435 799 3505 pauperrimus,
813 3451 950 3493 sermones
963 3438 1051 3494 lacere
1068 3438 1245 3501 mercenarios
1262 3437 1354 3505 (Diog.

214 3535 301 3589 laert.
317 3534 362 3597 11,
373 3534 484 3602 61-62).
499 3534 657 3606 arnttppum
671 3551 778 3608 quoquo
799 3552 831 3593 ct
844 3537 963 3592 doctrina
976 3538 1114 3607 pecuniam
1137 3535 1301 3598 coniecisse.
1323 3549 1359 3593 et

213 3631 352 3688 Plutarcho
370 3631 553 3709 (hetilone.
579 3632 691 3688 educat.
716 3648 742 3703 p.
759 3634 788 3701 3)
812 3634 1071 3703 colligendum-cl.
1089 3634 1166 3702 Diog.
1181 3633 1226 3694 11.
1237 3632 1281 3695 72.
1295 3647 1356 3687 cum

213 3730 282 3784 uotis
297 3733 398 3798 ltrnag.
767 3733 769 3738 ’

251 3829 286 3899 (lt)
305 3831 411 3900 Dionys.
424 3831 555 3903 llolicarn.
572 3833 661 3900 episc,
676 3832 714 3887 orl
725 3835 777 3890 Cn.
788 3839 886 3900 Pontp.
902 3832 1024 3896 13hthcn.
1039 3846 1063 3892 t.
1077 3830 1248 3912 ‘'Mi-Cf·
1262 3828 1357 3884 Timon

212 3930 282 3998 apud
296 3930 390 3985 Athen.
405 3931 548 3995 rr,113.—
560 3933 616 3988 Vid.
633 3941 660 3987 et
671 3934 719 3988 ΕΙ.
733 3933 838 3989 Aristid.
856 3937 945 3990 Oret.
964 3931 1103 3989 rtarontc.
1118 3947 1150 3991 u.
1162 3946 1216 4000 pro
1230 3937 1359 4002 quotuor

211 4028 292 4095 viris,
306 4029 327 4083 P
345 4028 407 4091 tto.
424 4030 527 4084 B.—ld.
543 4030 810 4098 (OratPlotonir.
831 4046 875 4093 ur,
891 4029 922 4084 ad
943 4029 1074 4096 Onniton.
1092 4030 1112 4085 P
1129 4031 1181 4086 126
1195 4032 1240 4096 u.)
1257 4027 1358 4082 cavilla-

212 4131 310 4185 tionem
326 4131 406 4186 laterc
424 4109 497 4198 putat
508 4131 558 4186 suh
573 4130 689 4186 Platonis
701 4130 789 4186 verbis
801 4128 908 4200 quinus·
932 4127 958 4182 in
982 4132 1153 4196 Protnqornz.
1166 4124 1290 4207 Prodicus
1311 4123 1359 4178 de·

212 4226 326 4295 pingitur
350 4225 462 4294 pellibus
484 4228 687 4297 stramentisque
701 4227 830 4283 involutus
842 4234 869 4281 et
883 4225 954 4280 lecto
964 4224 1125 4278 decumbens
1135 4225 1199 4284 μαλὰ
1208 4223 1299 4285 γελοίως
1312 4219 1358 4274 ad·

211 4323 320 4398 ditque:
346 4325 497 4397 rqnt'cthccc
511 4325 549 4380 ad
561 4325 771 4394 cjnsmirantla
784 4323 941 4397 docmata?
955 4320 1074 4376 r-Etlit.
1090 4323 1161 4374 lunt.
1176 4332 1207 4374 n.
1224 4330 1252 4372 u.
1268 4331 1340 4381 xvir„
