2946 4746
688 329 846 383 *fill-1

235 454 278 516 lle
295 452 342 528 tds
356 453 515 518 ornnilrus.

423 591 590 648 Grammnrlci
603 601 705 656 certent
719 603 745 650 et
758 593 844 650 adhue
855 592 993 665 subjudice
1007 594 1037 650 lis
1049 605 1097 651 est.

234 712 506 792 Hemsterlruisins
520 734 630 780 senon
650 696 743 800 posse
759 714 833 800 quid
847 714 922 782 velit
939 715 1069 782 verbum
1084 715 1238 803 conjicere
1262 719 1341 783 lotc-⁴

109 910 112 921 Ι
190 835 252 902 tur.
276 824 352 892 Geel
368 827 417 907 (l)
442 845 593 912 magnum
608 828 765 916 quoddam
784 827 823 898 de
840 837 949 895 natura
961 839 994 895 et
1006 827 1080 895 anni
1098 824 1343 913 tempestatibus,

192 937 350 1026 exstitisse
365 961 455 1027 opus,
467 941 517 1007 cui
528 941 724 1008 inserebatur
739 941 854 1025 sabula,
867 941 1053 1033 suspicatur,
1065 951 1097 1008 et
1107 940 1266 1026 Boettiger
1278 938 1340 1021 (2),

192 1051 349 1137 excogitat
360 1052 497 1139 aliquam
512 1053 608 1120 luisse
621 1054 778 1141 trilogiam
793 1055 966 1137 mimicam,
978 1053 1067 1142 cujus
1080 1065 1147 1126 erat
1159 1053 1258 1140 prima
1268 1071 1344 1139 pars

193 1167 338 1238 Herculis
350 1169 511 1245 Deiectum
528 1169 687 1253 secunda,
716 1172 785 1236 Vita
798 1190 857 1253 per
869 1172 987 1236 dolores
1003 1180 1094 1244 octo,
1118 1169 1340 1244 ddcdccdccc

192 1280 283 1347 tertia
294 1284 334 1347 In
345 1285 425 1354 Deos
443 1283 614 1366 Cooptotlo.
630 1283 740 1350 Ranlre
757 1283 800 1358 (3)
814 1285 895 1351 lranc
905 1283 1141 1371 inscriptionem
1155 1266 1250 1368 (quod
1265 1300 1343 1348 sanc

194 1393 310 1460 mirum
326 1403 399 1479 est),
421 1406 561 1482 spectare
576 1407 665 1484 putat
683 1397 721 1464 ad
737 1396 981 1486 pulcritudinem
996 1417 1089 1483 quarn
1109 1395 1280 1475 Vitiositati
1296 1404 1349 1460 at-„

193 1507 303 1574 tribuit
330 1508 519 1595 Xenophon.
544 1509 600 1574 Vir
625 1509 708 1578 doct.
736 1510 872 1600 denique
899 1510 1105 1589 Wclclrerus,
1135 1518 1263 1594 accepta
1285 1507 1344 1572 Vi-

87 1653 90 1659 ·
193 1619 290 1688 nandi
307 1620 411 1707 Pighii
428 1621 585 1691 sententia
601 1624 646 1709 (ll
659 1623 760 1690 Horas
774 1624 965 1711 appellatum
986 1641 1056 1689 esse
1071 1621 1186 1687 librum
1196 1620 1347 1707 opinatur

195 1733 305 1801 averis
322 1733 420 1808 adulti
433 1744 555 1801 matura
571 1735 804 1823 pulchritudine
823 1756 829 1794 :
850 1735 898 1802 cui
916 1733 1089 1802 discrimini
1102 1733 1254 1822 temporis
1267 1732 1346 1798 ado-

180 1846 345 1914 lescentia
363 1847 503 1926 hominis
527 1869 590 1915 non
604 1849 711 1937 inepte
733 1849 907 1943 comparari
929 1820 1020 1915 solet.
1038 1846 1082 1913 De
1093 1845 1225 1912 Hercule
1237 1856 1348 1927 autem

194 1965 394 2044 adolescente
415 1966 529 2047 librum
546 1967 641 2035 luisse
658 1947 841 2038 arbitratur.

240 2079 331 2146 Haud
350 2080 434 2166 parri
448 2081 540 2167 pretii
564 2081 774 2169 fragmentum
789 2082 985 2171 Hippocratis
1004 2081 1087 2168 quod
1102 2081 1134 2146 in
1152 2079 1296 2146 Philonis
1314 2078 1351 2143 li-

198 2194 255 2264 ltro
269 2195 315 2260 De
330 2196 447 2267 Mundi
461 2196 593 2279 opificio
604 2207 707 2264 exstat
717 2196 788 2281 (5),
805 2216 933 2276 ornnem
950 2195 989 2262 de
1004 2196 1062 2261 hac
1074 2192 1354 2269 redundationem

197 2307 276 2386 mihi
290 2309 400 2376 tollcro
416 2310 540 2380 videtur
554 2340 564 2396 3
578 2311 723 2398 quocirca
737 2322 838 2380 toturn
857 2313 919 2380 huc
941 2309 1133 2377 afferendum
1150 2318 1225 2395 puto
1244 2327 1250 2364 τ
1280 2332 1294 2364 o
1314 2304 1350 2370 ln

198 2421 358 2506 hominis,
377 2423 441 2503 ait,
459 2433 567 2492 natura
587 2434 710 2512 septem
727 2435 802 2494 sunt
821 2435 961 2510 tempora
979 2426 1067 2508 (opat
1080 2423 1114 2502 l,
1140 2438 1218 2506 quas
1239 2429 1354 2484 aetates

197 2546 311 2605 vocant
331 2538 345 2624 (
356 2539 502 2624 ultricem
520 2538 670 2621 insontia,
689 2538 841 2624 pueritia,
858 2526 1067 2612 adolescentia
1088 2545 1117 2599 ot
1140 2533 1279 2617 reliqucc.
1299 2532 1354 2597 ln-

199 2649 269 2716 fans
284 2661 333 2716 cst
346 2651 447 2717 donec
465 2650 544 2717 intra
563 2651 763 2743 septennium
776 2649 888 2725 dentes
901 2649 1046 2731 amittat3
1066 2664 1162 2732 puer,
1177 2663 1277 2729 nsque
1295 2664 1354 2729 go-

199 2763 310 2829 niturae
328 2764 562 2840 excretioncm,
581 2764 619 2830 ad
639 2764 834 2850 geminatum
850 2760 1050 2848 septennium
1067 2789 1075 2844 3
1091 2757 1276 2836 adolescens
1296 2778 1354 2824 us-

200 2896 261 2962 que
275 2874 380 2942 harben
395 2877 562 2945 hirsutiem
576 2930 584 2960 ,
598 2875 636 2942 ad
649 2895 769 2942 annum
787 2887 836 2940 tcr
855 2872 1026 2960 septimum
1039 2900 1048 2955 3
1072 2868 1220 2957 juvenis,
1251 2889 1360 2954 usque.

200 2990 276 3058 dum
293 2991 406 3057 crescit
418 3002 519 3058 totum
532 3010 658 3078 corpus,
675 2989 715 3055 ad
730 2999 840 3075 quater
852 2985 1041 3074 septimum3
1056 2982 1102 3048 vir
1126 3001 1224 3067 usque
1247 2981 1355 3047 unde-

199 3103 518 3191 quinquagesimnm,
534 3104 574 3171 ad
590 3104 708 3191 septies
719 3102 890 3189 septimum
904 3129 912 3184 3
929 3096 1035 3177 senior
1048 3114 1146 3180 usqne
1158 3104 1283 3160 sextum
1300 3115 1358 3160 su-

200 3240 256 3316 pra
270 3220 587 3308 quinquagesimum,
611 3219 650 3285 ad
672 3218 771 3286 octies
791 3215 982 3302 septimum3
998 3208 1149 3296 quidquid
1165 3228 1239 3275 vero
1263 3208 1358 3275 dein-

152 3404 155 3408 .
202 3341 277 3424 ceps
293 3336 447 3423 sequitur,
469 3323 513 3404 ad'
528 3335 654 3403 senium
669 3332 817 3420 pertinet.
836 3355 850 3389 n
868 3325 944 3392 lnde
961 3342 1024 3390 non
1038 3320 1140 3401 solum
1159 3317 1233 3404 quid
1253 3317 1357 3403 signi-

201 3451 273 3517 ficet
294 3447 425 3517 verbum
442 3467 528 3534 opat,
549 3449 633 3535 quod
650 3447 763 3515 eodem
779 3463 875 3512 sensu
889 3459 951 3527 quo
967 3447 1064 3501 utantur
1088 3442 1276 3520 usurpatur.
1306 3432 1359 3497 in-

202 3560 301 3648 telligi
319 3573 439 3648 potest,
457 3562 512 3629 sed
527 3561 623 3627 etiarn
637 3557 739 3645 qualis
753 3554 847 3631 fuerit
868 3550 973 3639 operis
998 3566 1133 3614 summa.
1163 3543 1283 3630 Igitur,
1310 3544 1360 3616 uti

243 3826 280 3898 tt)
293 3829 427 3888 Historia
440 3828 537 3883 critic.
547 3826 710 3893 sophistae

239 3928 274 3992 tlt
286 3929 406 3982 Hercul.
422 3926 452 3980 in
465 3925 568 3981 llioio..

239 4025 280 4091 (3)
294 4029 335 4079 De
347 4026 534 4094 Aristopdou.
547 4023 596 4078 vit.
616 4037 642 4092 p.
659 4021 720 4077 aot.

238 4118 273 4189 td)
288 4123 403 4177 Hercul.
419 4121 533 4178 Prodic.
550 4137 575 4190 p.
595 4120 638 4176 td.
1352 4183 1357 4191 ·

238 4216 386 4288 (struens.
413 4220 512 4283 duduci,
540 4225 579 4274 lte
602 4217 702 4274 dicendi
719 4214 820 4284 opific.
851 4226 875 4278 p,
893 4209 935 4266 nd.
953 4211 1036 4261 tutet.
1054 4203 1176 4258 Parisios.
1204 4203 1360 4255 llllstllt.

200 4314 272 4388 ign-lo.
