2946 4746
736 298 835 356 ...30
859 325 896 338 ό.

238 431 323 515 gine,
341 429 399 495 hac
417 429 449 494 in
461 436 546 494 ‘terra
561 427 728 509 exulantis
740 429 896 494 cecinerat
908 427 1030 494 Siculus
1042 429 1101 508 (ll.
1118 425 1152 493 ln
1167 422 1328 518 idoigitur
1344 433 1382 494 de

238 543 366 608 Nuturo
380 542 472 623 libro,
487 542 526 608 de
538 541 604 606 'niis
620 540 846 627 disputabatur,
867 560 945 627 quos
966 540 1115 606 Prodicus
1128 561 1191 607 non
1206 541 1283 609 alios
1309 563 1379 630 esse

232 667 329 741 atquc
340 656 496 722 elementa
508 665 566 722 eta
581 655 736 721 veteribus
746 655 846 721 cultos
861 655 956 720 luisse
967 653 1165 720 existimabat
1177 659 1259 738 quod
1268 661 1378 722 mout-

236 791 321 836 mom
331 773 498 835 utilitatem
512 771 685 834 hominibus
695 774 890 853 conferrem,-
905 778 937 834 et
946 779 1049 834 cetera
1059 768 1199 855 ejusdcm
1211 770 1376 856 theologiae

236 902 329 969 quam
343 881 502 969 physicam
518 880 683 967 appellavit
696 881 806 961 Varro,
821 890 853 946 et
868 900 962 965 quam
975 906 989 940 α
1002 880 1123 947 facilius
1136 881 1212 948 dicit
1227 884 1308 948 intra
1322 903 1379 970 pa-

121 1060 123 1064 .
235 994 342 1075 rietes,
359 994 530 1076 inschola,
548 1014 642 1079 quam
659 1005 758 1075 extra,
776 994 806 1059 in
819 994 897 1073 loro,
915 994 993 1059 serre
1006 1015 1097 1081 posse
1113 1015 1204 1063 aures
1229 1022 1243 1056 u
1271 996 1331 1074 (⁰2)-
1365 1007 1370 1020 ‘

276 1108 345 1175 lam
375 1107 453 1172 nihil
465 1108 746 1193 obstatquominus
770 1127 788 1173 a
809 1106 939 1172 Prodico
964 1109 1130 1175 nonnullas
1156 1109 1377 1175 scicntiaeuni-

232 1209 354 1287 versam
378 1240 482 1285 rerum
505 1231 647 1287 naturam
671 1219 907 1305 complectentis
933 1230 1035 1305 partes
1054 1222 1236 1307 singillatim
1264 1233 1374 1289 tracta-

230 1346 279 1402 tas
310 1336 490 1419 credamus,
524 1348 556 1402 et
583 1336 734 1421 quosdam
771 1335 858 1421 quasi
893 1356 911 1401 c
942 1345 1024 1425 tanta
1066 1338 1174 1404 arbore
1209 1339 1373 1424 pullulanti

229 1461 376 1536 exceptos
400 1470 488 1531 esse,·
507 1439 759 1536 quos'praecipue
779 1449 907 1530 coleret
940 1450 1092 1533 surculos,
1119 1451 1151 1517 in
1181 1452 1366 1538 primisque,

229 1564 290 1648 (ut
301 1562 540 1648 singularcmde
564 1563 634 1629 coeli
653 1561 831 1648 cognitione
846 1561 969 1627 laudem
985 1574 1173 1630 consecutus
1183 1568 1278 1649 erat),
1294 1585 1373 1631 con-

223 1676 378 1763 scriptum
399 1676 494 1742 luisse
510 1685 565 1757 περί
575 1687 699 1758 μετεώρων
714 1674 841 1757 librum,
862 1674 950 1760 cujus
969 1676 1105 1761 aliquam
1120 1677 1290 1762 imaginem
1304 1681 1373 1745 ani-

112 1817 114 1821 ⁴
227 1809 280 1856 mo
303 1787 490 1856 adumbrare
511 1808 697 1875 possumus,
724 1809 763 1855 ex
780 1788 958 1855 Aristotelis
981 1809 1087 1876 opere,
1114 1789 1164 1855 cui
1190 1789 1275 1856 idem
1306 1792 1372 1857 lere

222 1901 408 1968 inscribitur
424 1901 547 1983 titulus,
575 1911 667 1987 alque
689 1900 722 1966 in
742 1920 816 1986 quo,
841 1900 909 1985 ipso
929 1911 1076 1982 testante,
1100 1900 1173 1967 huic
1193 1901 1388 1988 disciplinae.

139 2020 143 2027 '
225 2015 359 2103 physicae
383 2015 518 2101 portioni
540 2033 633 2100 quam
654 2013 790 2080 universi
820 2013 938 2100 priores
966 2001 1221 2096 Melcorologic'm
1243 2017 1369 2103 appelli-

224 2129 343 2208 tabant,
355 2128 475 2194 studuit
489 2127 551 2216 (3).
578 2155 599 2188 <c
624 2126 720 2213 Cujus
738 2137 813 2193 sunt
826 2146 1029 2213 quaecumque
1041 2147 1097 2215 por
1112 2128 1204 2212 primi
1219 2129 1369 2196 clementi

217 2261 386 2328 ¹corporum
404 2251 546 2307 naturam
559 2240 698 2326 quidem,
716 2240 770 2308 sed
782 2240 840 2307 sibi
864 2250 969 2307 tamen
984 2242 1090 2308 minus
1103 2252 1311 2326 constantem,
1335 2245 1368 2309 iu

222 2376 260 2422 eo
275 2355 474 2443 potissimum
485 2354 553 2421 loco
574 2354 725 2420 eveniunt
746 2355 799 2440 qui
814 2354 951 2421 molibus
968 2365 1123 2422 astrorum
1140 2355 1273 2421 confinis
1295 2371 1365 2439 cst3

220 2468 307 2535 verbi
319 2488 425 2550 causa,
443 2467 593 2554 quidquid
606 2468 708 2553 agitur
728 2467 766 2533 de
789 2467 886 2534 lacteo
909 2467 1037 2550 circulo,
1068 2467 1211 2549 cometis,
1234 2471 1368 2537 ostentis

214 2580 483 2668 conflagrantibus
498 2580 819 2666 discurrentibusquc‚
836 2600 894 2646 uec
910 2600 973 2645 uon
995 2580 1034 2646 de
1053 2581 1139 2646 hisce
1164 2601 1232 2666 quan
1248 2583 1311 2649 aeri
1335 2597 1368 2650 et

219 2717 305 2783 aqum
318 2695 512 2783 promiscuas
532 2714 602 2760 esse
628 2693 808 2760 affectiones
820 2694 972 2759 affirmare
988 2713 1166 2778 possumus,
1184 2705 1216 2760 ct
1237 2695 1366 2782 insuper

217 2808 358 2875 dehisce
373 2827 442 2893 quac
458 2817 547 2872 terrae
563 2806 683 2892 species
693 2817 725 2872 et
739 2815 841 2891 partes
853 2817 945 2891 atque
960 2806 1141 2872 earumdem
1164 2808 1299 2895 partium
1322 2811 1367 2875 al-

217 2923 316 2989 lectus
327 2932 413 3001 sunt,
428 2941 466 2986 ex
478 2919 592 3006 quibus
608 2930 773 2986 ventorum
783 2938 819 2984 ac
843 2929 931 2984 terrae
945 2929 1087 2985 motuum
1111 2939 1220 2987 causas
1244 2922 1365 3007 disqui-

215 3035 327 3117 rimus,
345 3045 377 3101 et
391 3034 547 3116 omnium,
566 3054 634 3119 quae
653 3032 729 3098 dum
753 3051 789 3097 ea
802 3041 979 3113 moventur,
997 3032 1111 3098 cooriri
1127 3033 1240 3100 solent.
1270 3061 1284 3094 »
1313 3038 1376 3142 (ll

259 3149 305 3213 Ex
320 3147 442 3214 Prodici
456 3146 545 3213 libris
559 3149 595 3211 de
611 3147 760 3222 Natura,
783 3142 884 3230 deque
913 3144 1079 3210 clementis
1102 3144 1133 3210 id
1162 3156 1361 3232 expromtum
1442 3210 1444 3214 .

210 3261 336 3329 ¹videtur
349 3261 432 3348 quud
454 3259 597 3326 laudatur
611 3278 628 3324 a
642 3257 808 3323 Plutarcho
827 3284 840 3312 u
869 3255 1178 3323 Oblectamcnlorum
1205 3259 1359 3343 optimum

207 3395 281 3441 esse
296 3375 401 3460 ignem
412 3375 462 3456 (5).
484 3399 498 3433 »
515 3372 561 3438 lla
573 3370 660 3439 enim
677 3369 861 3438 vertendum
875 3379 968 3454 puto,
983 3389 1080 3454 quum
1096 3370 1260 3436 considero
1274 3373 1359 3456 quod

250 3710 481 3783 (1151011111109.
503 3711 610 3780 puysie.
625 3713 645 3765 Ι.
672 3710 716 3773 12,
739 3725 765 3780 p.
787 3706 889 3773 11511.
913 3708 1038 3763 -Clent
1057 3706 1196 3763 Alexandr.
1211 3711 1353 3773 stromat,

132 3849 133 3852 η
207 3812 265 3867 Lib.
279 3827 303 3870 v.
318 3840 353 3850 -
372 3809 467 3865 Enseu.
483 3813 647 3877 Praeparat.
663 3807 819 3877 evangelie.
833 3821 895 3870 rur,
913 3805 955 3861 13.

243 3914 279 3980 (2)
294 3909 370 3978 Apud
383 3908 435 3963 dlv.
447 3907 583 3976 Angustia.
601 3905 685 3963 Cioir.
698 3905 759 3970 Del,
772 3921 810 3966 vr.
823 3906 848 3960 5.

164 4034 166 4040 ¹
245 4007 281 4075 13)
299 4006 404 4062 Aristot.
418 4004 632 4072 Meteorolouic.
647 4006 667 4067 l,
682 4004 707 4058 1.

161 4114 166 4121 ·
245 4103 280 4170 llrl
294 4102 345 4163 ld..
361 4101 429 4156 leid.

135 4234 138 4240 ·
243 4199 278 4266 15)
295 4198 424 4254 Plutarch.
441 4204 482 4254 De
496 4197 631 4256 sanitate
643 4205 777 4264 praecept.
791 4210 817 4265 p.
834 4196 914 4251 91-
930 4196 968 4252 cl.
985 4196 1058 4252 Slob.
1077 4199 1116 4251 De
1128 4198 1256 4254 Sanitat.
1270 4212 1352 4254 serm.

203 4315 281 4364 ucri,
298 4313 324 4368 p.
346 4297 406 4356 illl.
444 4295 446 4300 '
