2946 4746
685 317 843 370 ..gg-

187 442 355 508 Hereulem
368 463 472 508 coram
487 443 607 509 Virtute
622 453 654 508 et
667 442 832 528 Voluptate
854 442 1016 509 sedentem
1040 439 1160 507 effinxit
1183 439 1334 524 sculptor.

189 558 252 626 Sed
269 559 354 623 illam
370 557 521 639 Palladis,
547 559 627 623 haue
652 558 783 623 Veneris
803 556 911 623 habitu
928 556 1045 637 induit,
1065 554 1149 641 quod
1170 574 1209 619 ex
1224 553 1339 638 priscis

186 671 403 738 monumentis
417 683 578 756 acceperat
592 670 758 737 Herculem
775 669 893 736 Palladi
907 689 980 736 vere
994 667 1162 734 accessisse
1176 719 1184 748 ,
1201 685 1337 750 eamque

188 784 335 850 maximis
360 784 392 849 in
418 783 576 871 laboribus
598 794 630 849 et
649 784 797 850 comitem
824 794 856 849 et
883 781 1067 867 adjutricem
1093 779 1242 845 habuisse
1273 778 1335 862 (l).

188 896 339 983 Ejusdem
354 896 530 982 argumenti
552 896 708 961 numisma
724 895 872 962 describit
890 895 1023 961 Potitius
1043 893 1089 979 (2)
1107 921 1114 958 :
1132 873 1216 977 quod
1236 910 1338 976 quum

187 1031 288 1096 neque
305 1010 357 1075 ubi
371 1020 493 1090 exstet,
512 1029 613 1095 neque
627 1030 689 1095 quo
701 1009 845 1090 metallo,
862 1029 924 1093 quo
941 1028 979 1072 ve
1000 1006 1128 1073 modulo
1141 1024 1253 1072 cusum
1275 1005 1336 1084 sit,

186 1122 319 1201 dixerit,
336 1122 420 1188 idem
444 1122 547 1188 l'orsan
569 1141 639 1187 esse
653 1132 745 1207 atque
762 1120 872 1206 Begeri
886 1141 1026 1185 comeum
1047 1118 1199 1204 suspicor,
1224 1136 1340 1202 quam·.

185 1255 279 1322 quam
303 1236 335 1300 in
361 1255 399 1301 eo
422 1235 535 1334 Veneri
561 1235 820 1320 praegredientem
845 1236 994 1300 Amorem
1021 1233 1186 1300 notaverit.
1220 1231 1256 1297 V.
1284 1229 1335 1297 ct.

188 1350 374 1416 Welclxerus
395 1347 556 1434 cujusdam
579 1349 661 1415 vasis
677 1348 796 1434 antiqui
812 1349 967 1433 imagines
993 1348 1069 1414 olim
1096 1346 1220 1427 edidit,
1241 1356 1338 1430 atque

186 1462 299 1529 eodem
314 1481 410 1529 sensu
427 1462 649 1547 interpretatus
669 1473 719 1528 est
733 1461 794 1542 (3).
810 1461 868 1528 Hic
879 1462 1021 1547 voluptas
1036 1460 1198 1546 ingeniose
1210 1458 1338 1544 effingi.

185 1589 237 1642 tur
249 1577 342 1657 alata,
357 1587 391 1642 ut
404 1577 495 1657 Eros,
516 1575 693 1657 seminuda,
710 1575 798 1661 quasi
815 1575 957 1641 textilem
973 1594 1078 1640 aerem
1092 1574 1199 1640 induta
1215 1602 1222 1640 ;
1239 1575 1339 1638 Amo·

187 1689 230 1756 ris
253 1690 390 1769 donum,
415 1689 509 1755 vittas
524 1689 649 1755 Herculi
672 1688 802 1775 porrigit
824 1709 898 1754 cum
915 1699 1021 1775 patera
1041 1699 1074 1754 et
1094 1688 1197 1754 sertis.
1219 1688 1279 1754 Hic
1304 1699 1338 1754 et

190 1804 279 1870 adest
298 1803 401 1868 Pallas
422 1823 478 1888 pro
501 1802 622 1869 Virtute
646 1823 661 1868 a
685 1822 745 1888 qua
761 1803 882 1888 galeam
907 1802 1044 1868 oblatam
1071 1802 1183 1888 accipit
1193 1801 1335 1887 juvenis.

189 1918 294 1999 Juxta,
317 1915 457 1993 aedicula,
476 1936 537 2002 quo
552 1899 798 2002 perveniendum
815 1916 944 1999 indicat,
960 1927 993 1982 et
1006 1916 1089 2002 quod
1105 1916 1146 1982 sit
1156 1916 1214 1982 viae
1227 1917 1338 1982 electae

189 2029 366 2116 praemium.
385 2029 426 2096 Et
440 2029 641 2130 sanelmirum
653 2029 764 2094 eadem
779 2029 811 2095 in
824 2028 939 2094 tabulis
952 2027 1178 2094 recentioribus
1189 2029 1335 2114 reperiri,

61 2181 65 2189 ·
159 2170 162 2175 ·
188 2164 318 2230 quarum
334 2144 469 2211 artifices
483 2145 614 2211 minime
627 2147 721 2231 hujus
738 2145 820 2212 vasis
836 2145 925 2231 gnari
937 2165 1007 2226 esse
1020 2155 1148 2231 potuere
1164 2148 1224 2235 (1),

231 2261 382 2346 Boettiger
394 2272 426 2327 et
437 2262 519 2328 uasis
536 2263 689 2348 picturam
702 2250 791 2330 affert
803 2286 870 2350 quae
887 2265 988 2350 magis
1004 2264 1042 2334 ad
1058 2264 1251 2330 initiationes
1262 2285 1337 2350 per-

188 2376 279 2450 tinet.
293 2375 423 2442 Juvenis
435 2376 521 2442 enim
536 2388 598 2446 stat
609 2377 692 2444 inter
707 2381 827 2460 Mesate
842 2390 875 2445 et
897 2379 1038 2462 Tarpeio,
1064 2378 1164 2444 oeulis
1175 2379 1338 2449 conversis

190 2490 227 2557 ad
238 2490 401 2575 speculum
417 2490 500 2575 quod
516 2490 568 2556 illa
583 2491 724 2577 porrigit.

233 2603 325 2689 Apud
350 2603 553 2681 recentiores,
576 2604 766 2690 optimorum
793 2606 948 2691 pictorum
973 2606 1101 2691 iugenio
1120 2626 1259 2692 persepe
1281 2625 1337 2672 ου-Ι

189 2719 286 2785 currit
299 2719 539 2789 celeberrimum
554 2719 631 2785 illud
646 2719 788 2786 Herculis
801 2719 975 2806 judicium,
991 2732 1023 2786 et
1037 2721 1139 2787 conati
1155 2732 1228 2787 sunt
1244 2721 1339 2787 multi

190 2830 315 2906 tabulis,
336 2833 473 2898 maxima
488 2832 662 2917 diligentia,
682 2832 803 2899 ratione
827 2844 932 2928 tamen
948 2833 1082 2914 diversa,
1099 2833 1260 2900 mandare.
1282 2835 1331 2899 Iu-

188 2955 316 3029 terquos
330 2945 466 3012 maxime
481 2946 653 3012 inclaruere
667 2946 769 3013 Julius
783 2947 957 3029 Romanus,
973 2947 1107 3013 Annibal
1127 2946 1289 3014 Carraccio
1304 2960 1338 3014 et

192 3058 339 3124 Nicolaus
355 3058 488 3124 Poussin
503 3087 509 3124 :
525 3080 542 3124 a
558 3059 672 3144 quibus
686 3060 826 3145 proxime
840 3081 903 3127 uon
917 3060 1037 3146 indigni
1061 3071 1135 3127 sunt
1151 3060 1204 3145 qui
1222 3081 1337 3128 nume-

191 3182 300 3238 rentur
316 3172 494 3258 Gaspardus
508 3171 623 3260 Crayer
634 3164 666 3238 et
681 3173 837 3240 Gerardus
847 3165 1044 3260 Layressius.

179 3274 181 3277 ⁵
238 3285 360 3351 Primus
381 3312 396 3346 «
414 3288 675 3351 Deliberotiouem
689 3288 829 3351 omniurn
852 3290 1068 3369 difficillimam
1089 3312 1104 3346 n
1131 3287 1181 3368 (5)
1194 3288 1340 3372 personis

190 3399 338 3484 effingere
351 3399 449 3465 voluit
462 3427 468 3465 :
482 3398 605 3484 utrique
620 3398 744 3465 leminea
755 3410 907 3467 attentam
922 3418 1030 3466 aurem
1044 3398 1162 3485 praebet
1173 3400 1337 3483 Hercules,

230 3661 269 3730 (1)
290 3665 382 3729 Beger,
401 3666 537 3718 Thesaur.
553 3664 753 3736 brandeburg.
768 3669 852 3734 ln·l⁰.‚
866 3667 945 3723 1696.

234 3761 268 3826 (1)
290 3761 406 3816 Maneat
415 3760 464 3814 des
474 3762 595 3817 Artistes
607 3774 636 3818 et
646 3766 695 3819 des
705 3770 868 3828 amntem,
881 3769 911 3821 T.
927 3764 1145 3834 terraemotu.
1161 3765 1243 3828 in·l2.
1256 3765 1336 3822 1770.

234 3856 268 3924 (3)
290 3859 392 3912 dunat.
406 3858 537 3914 institut.
549 3863 724 3930 Arcboeotop.
742 3866 772 3917 T.
789 3864 831 3926 lV,
842 3864 954 3920 Scolar.
971 3862 1148 3929 premerid
1164 3862 1245 3919 1831.

231 3953 266 4021 (b)
289 3956 409 4010 Ceterum
423 3956 456 4010 de
476 3955 516 4010 bis
534 3959 666 4022 omnibus,
689 3959 739 4014 rid.
758 3960 890 4029 Boettiger.
907 3962 1043 4015 Hercules
1060 3960 1089 4014 in
1103 3961 1183 4014 Bieio
1197 3976 1211 4014 e
1224 3961 1345 4015 Prodici·

192 4052 296 4136 [abula
305 4062 332 4107 et
343 4055 533 4109 monumentis
547 4057 651 4124 priscoe
662 4058 737 4112 ertia
746 4057 920 4112 illustratus.
933 4057 1011 4112 1829.

159 4185 165 4191 »-
230 4154 267 4222 (5)
287 4155 336 4210 Hic
348 4165 388 4211 est
398 4172 501 4212 excusae
509 4158 614 4214 tabella
625 4158 722 4222 titulus,
737 4173 816 4229 quam
827 4160 916 4215 videre
928 4169 967 4217 est
978 4161 1045 4217 iuter
1054 4161 1106 4216 tul.
1119 4157 1226 4215 Romani
1238 4173 1344 4230 operae

193 4250 318 4325 biblioth.
329 4252 450 4320 imperat.
466 4256 494 4315 B,
507 4253 534 4313 b.
551 4257 581 4307 T.
599 4256 644 4317 111,
660 4269 685 4322 p.
699 4255 742 4310 93.
755 4282 787 4294 -
802 4255 840 4310 Cl.
858 4254 944 4311 Cicer.
963 4262 1003 4311 Dc
1018 4258 1098 4329 offic.
1110 4260 1130 4312 l.
1145 4257 1192 4326 32.
