2946 4746
654 310 812 376 5⁴94

550 640 681 709 CAPUT
705 642 911 723 Quantulo.

491 881 536 943 Dc
556 881 683 944 Prodici
704 883 823 946 dicendi
842 903 961 965 ponere.

205 1087 433 1174 Philostratus,
452 1091 483 1155 in
496 1090 652 1177 jejuniore
681 1091 734 1157 illa
757 1092 796 1158 de
812 1086 944 1161 Prodico
967 1093 1210 1181 dissertatione,
1233 1115 1303 1167 sese

158 1209 379 1291 interrogans:
397 1231 411 1264 u
426 1203 507 1287 Cur,
525 1204 589 1287 ait,
607 1225 666 1291 qua
683 1199 790 1291 lingua
815 1216 847 1272 et
868 1203 992 1273 dicendi
1016 1209 1136 1277 ratione
1160 1233 1237 1307 usus
1263 1215 1304 1281 sit
1377 1226 1385 1239 '

157 1322 309 1389 Prodicus
324 1319 500 1406 significare
515 1319 636 1402 enitar,
656 1339 753 1406 quum
777 1339 830 1386 eas
850 1320 1024 1408 Xenophon
1045 1325 1121 1391 satis
1145 1345 1304 1413 expresse-

158 1435 199 1502 rit
215 1436 276 1520 (l).
294 1433 365 1499 Alio
379 1433 460 1516 loco,
475 1432 566 1499 allata
580 1431 780 1499 aemulatione
796 1453 889 1500 eausa
905 1452 960 1500 cnr
980 1435 1068 1503 Plato
1083 1439 1233 1525 sophistis
1252 1443 1305 1508 atl-

158 1559 299 1615 versatus
312 1542 423 1627 fuerit,
439 1555 492 1628 et,
509 1545 697 1629 distinctis,.
708 1565 795 1612 more
819 1542 967 1631 Prodici,
990 1549 1167 1635 uocabulis,
1197 1553 1240 1619 ita
1271 1567 1304 1620 ut

109 1744 112 1749 =
158 1660 295 1727 multum
327 1655 366 1724 ah
393 1654 591 1723 aemulatione
623 1656 792 1743 (φιλοτιμία)
832 1655 957 1727 differre
992 1661 1142 1730 iuvidiam
1180 1665 1303 1748 (potios,

159 1778 304 1858 βασκοοῑα)
332 1779 463 1856 arguat,
498 1768 552 1835 illo
577 1789 652 1835 sane
672 1769 820 1836 laudabili
847 1771 958 1840 affeetu
986 1786 1108 1841 motum
1136 1777 1232 1844 luisse
1261 1780 1306 1845 al-

117 1965 120 1971 ·
159 1885 264 1951 firmat
288 1883 533 1970 philosophum,
560 1892 652 1948 utet
683 1882 780 1970 Grylli
801 1883 901 1950 lilium
932 1885 973 1952 oh
999 1887 1166 1956 Herculem
1193 1891 1305 1958 Prodi-

159 2002 243 2069 cium
265 2000 327 2088 (h).
349 2001 388 2066 At
403 1998 578 2086 Xenophon
598 1999 665 2085 ipse
686 2020 744 2067 nos
768 2001 859 2068 docet
887 2029 901 2061 u
931 2023 948 2068 a
977 2004 1108 2070 Prodico
1133 2008 1306 2074 sententias

159 2117 263 2185 verbis
277 2117 372 2184 etiarn
388 2110 711 2202 magnificentioribus
724 2137 850 2202 quama
872 2139 907 2184 se
925 2139 994 2186 esse
1010 2131 1135 2187 ornatas
1155 2122 1203 2208 (3)
1225 2148 1240 2183 s
1272 2124 1304 2190 hl

160 2231 307 2317 equidem
328 2250 385 2316 pro
411 2227 608 2295 confessione
629 2227 809 2294 habendum
836 2231 948 2315 credo,
972 2244 1006 2299 ut
1020 2232 1159 2301 indicare
1184 2235 1307 2304 uidetur

158 2372 261 2427 μεντοι,
286 2352 318 2409 et
339 2340 585 2428 comparativum
613 2340 799 2406 rocahulum
831 2350 1019 2426 papoleno-pou
1054 2366 1116 2432 quo
1144 2347 1233 2414 facile
1254 2350 1307 2415 dc-
1363 2327 1364 2330 Ἴ

159 2464 352 2521 monstratur
376 2471 449 2518 eum
479 2451 531 2517 hic
555 2470 624 2517 esse
652 2462 799 2516 conatum
824 2444 1076 2537 magnificentius
1104 2457 1197 2523 solito
1219 2459 1306 2527 dice-

159 2587 195 2632 re
209 2619 217 2648 ,
231 2566 348 2633 nedum
362 2563 639 2652 reprehensionem
655 2552 756 2629 ¹etiam
772 2561 871 2630 ironia
883 2561 1050 2632 ohductam
1066 2567 1170 2636 inesse
1183 2582 1303 2657 putem.

159 2680 228 2747 Tali
242 2680 327 2746 enim
347 2678 471 2745 dicendi
488 2678 607 2745 ratione
622 2677 754 2742 minime
770 2698 863 2744 usum
888 2679 985 2745 luisse
1008 2680 1249 2768 Xenophontem
1268 2709 1305 2752 ex

158 2793 228 2881 ejus
240 2793 364 2880 scriptis
379 2792 455 2859 satis
469 2801 597 2879 apparet
611 2843 619 2874 ,
635 2790 689 2856 sed
702 2791 886 2877 plerumque
908 2792 995 2857 tenui
1015 2794 1139 2880 (ι’σχοῷ)
1156 2850 1164 2878 ,
1182 2810 1218 2864 ut
1238 2802 1304 2868 vult
1348 2860 1353 2879 ,

159 2908 358 2975 Marcellinus
374 2907 445 2991 (l),
472 2906 608 2972 maxima
628 2904 774 2990 quidem,
802 2906 837 2970 ut
862 2915 949 2971 notat
972 2906 1140 2994 llionysius
1167 2911 1304 3010 llalicar-¹

159 3042 312 3104 nasseus,
329 3019 466 3086 adhibita
478 3017 674 3104 jucunditate
688 3068 696 3098 ‚
710 3036 773 3082 non
793 3027 899 3082 tamen
915 3037 969 3102 ea,
993 3040 1087 3106 quam
1109 3028 1303 3111 oportuerit,

159 3135 370 3223 pulcritudine
398 3133 458 3213 (ὅ).
485 3129 699 3197 Puleritudine
727 3138 832 3194 autem
862 3131 1084 3216 comprehendi
1111 3135 1155 3200 ait
1181 3141 1305 3224 magni-

159 3249 254 3315 ticum
275 3247 352 3313 illud
365 3243 488 3312 dicendi
504 3263 624 3330 genus,
640 3262 732 3328 grave
745 3252 776 3308 et
791 3261 953 3325 severum,
970 3243 1121 3329 dignitate
1134 3257 1166 3313 et
1178 3251 1305 3319 suadela

158 3332 289 3447 plenum
307 3359 353 3444 (6)
368 3411 376 3431 ,
399 3377 470 3424 eum
483 3366 625 3422 accurata
638 3375 841 3420 numerorum
856 3365 887 3421 et
907 3354 1072 3423 modorum
1096 3360 1216 3428 ratione
1240 3368 1302 3448 (7),

199 3577 233 3646 (1)
255 3578 378 3646 Sophist.
396 3577 450 3634 Vit.
466 3580 489 3634 la

198 3673 235 3745 (2)
258 3680 304 3724 Καὶ
313 3677 325 3724 ο’
333 3682 373 3724 τοῦ
384 3677 481 3742 Γρύλλου
489 3679 645 3742 φίλοτιμεῖται
658 3679 717 3732 πρὸς
727 3679 765 3724 τὸν
778 3680 819 3724 τοῦ
827 3677 939 3744 Προδίκου
949 3682 1067 3744 Ηρακλέα.
1080 3681 1178 3749 (Epist,
1194 3683 1232 3737 ad
1241 3689 1301 3740 M,¹

156 3773 300 3842 itaquel.)

198 3871 232 3938 (3)
255 3870 412 3925 Memorod.
427 3870 450 3923 ll
461 3858 470 3932 ,¹
483 3883 508 3931 1,
522 3868 566 3925 dh.

198 3968 231 4036 lh)
256 3967 311 4021 Vit.
328 3965 485 4034 Thucydid.
499 3964 542 4020 60.
558 3965 621 4020 edit.
634 3963 724 4019 Didot.

198 4067 231 4134 (5)
253 4063 459 4131 necompostt.
477 4064 588 4119 vador.
604 4079 629 4119 t.
647 4078 672 4131 p.
689 4063 732 4119 71.

198 4162 232 4231 (6)
248 4161 319 4217 lbid.
333 4177 372 4217 xl.
388 4162 430 4210 ont
445 4161 510 4211 δὲτὸ
525 4164 592 4210 καλὸν
604 4165 677 4210 τάττω
693 4170 734 4215 τὴν
746 4164 942 4228 μεγαλοπρᾶπειαν
955 4173 1023 4219 mia

199 4261 234 4331 (7)
256 4260 328 4315 lhid.
344 4267 409 4314 sect.
430 4271 559 4324 tt111‚p.
577 4257 638 4312 tot.
