2946 4746
602 351 786 406 .-55-

135 475 269 561 cipimus
284 477 352 563 (l):
381 477 437 543 sed
462 476 515 542 illa
542 477 647 544 minus
660 488 744 545 certa
765 487 838 544 sunt
853 485 885 542 et
903 473 1017 560 saepius
1034 472 1162 539 confusa
1177 472 1277 538 linea-

137 582 252 656 menta.
272 589 395 657 Scilicet
405 589 584 667 AEschines‚
609 611 703 677 quem
717 590 823 656 serunt
844 587 938 675 hujus
961 585 1075 671 dialogi
1101 595 1272 667 auctorem,

134 700 305 785 uteodem,
321 722 383 788 quo
396 703 462 788 apis
482 702 533 768 illa
558 702 663 785 attica,
684 702 839 768 nonsatis
867 701 1005 787 pollebat
1027 698 1169 781 artilicio,
1192 697 1275 765 haud

134 813 161 880 is
186 814 245 881 luit
264 815 318 901 qui
340 825 459 881 tantam
480 815 603 882 dicendi
626 815 892 902 magnificentiam
914 813 1181 898 subtilitatemque
1202 811 1275 878 red-

133 925 222 995 deret
237 928 296 1016 (2l.
322 930 469 996 Attamen
492 931 653 999 nonnullis
675 931 751 999 locis
767 953 876 1018 graves
889 930 1106 1017 jucundosque
1120 927 1186 996 Ceii
1207 926 1276 1013 phi-

133 1040 255 1128 losophi
278 1042 405 1129 spiritus
428 1044 583 1111 sentimus
603 1045 786 1128 immisceri,
811 1055 843 1113 ct
857 1047 974 1128 disjecti
988 1045 1126 1108 mernbru
1143 1040 1274 1108 oratoris

133 1172 302 1238 agnoscere
318 1175 485 1240 possumus
501 1185 507 1223 :
528 1167 563 1223 ut
580 1178 617 1224 ea
631 1168 704 1224 sunt
716 1177 784 1243 quae
808 1157 847 1224 de
864 1156 1007 1224 obnoxiis
1029 1176 1110 1223 aurae
1133 1154 1273 1241 populari

132 1266 207 1333 viris
220 1269 401 1352 pronuntiat
416 1298 422 1336 :

179 1375 286 1446 νῖΑλλ’·ἱ,
295 1388 459 1463 πολυτίμητος
472 1392 583 1444 πολιτεία
591 1361 633 1445 Ιδιοὶ
643 1393 723 1446 πόσων
734 1392 860 1446 ἐλαύνεται
866 1388 963 1462 δεινῶν;
975 1394 1019 1450 τὴν
1027 1391 1069 1465 μὲν
1079 1393 1160 1465 χαρὰν
1168 1386 1271 1462 ἔχουσα,

131 1490 263 1566 φλεγμονῆς
274 1490 352 1565 δίκην,
368 1495 517 1570 παλλομένην
531 1500 573 1550 καὶ
582 1498 760 1573 σγυγματολδη·
773 1501 817 1557 τὴν
828 1494 854 1550 δὲ
868 1497 1007 1567 ἀπότευξιν,
1024 1497 1137 1571 ἀλγεινὴν
1151 1499 1191 1549 καὶ
1203 1498 1273 1550 θανά-

132 1617 182 1650 των.
190 1600 280 1674 μυρίων
293 1600 378 1674 χείρω.
397 1603 439 1661 Τίς
449 1605 497 1676 γὰρ
509 1595 538 1654 ἂν
554 1600 728 1678 εὐδαιμονήσειε
739 1606 800 1679 πρὸς
810 1601 884 1674 ὄχλον
896 1607 953 1674 ζῶν,
970 1606 990 1655 εἰ
1000 1603 1154 1660 ποππυσθείη
1163 1605 1204 1654 καὶ
1215 1622 1275 1676 apo·

132 1705 223 1774 tudela,
236 1701 312 1778 δήμου
325 1711 436 1782 παίγνιον
445 1708 627 1784 ἐμὸαλλόμενον,
638 1710 819 1785 συριττόμενον,
828 1710 995 1784 ζημιούμενον,
1003 1711 1113 1779 θνῆσκον,
1122 1708 1271 1783 ἐλεούμενον;

130 1810 259 1883 ε’πείτοιγε,
276 1818 323 1867 ποῦ
334 1815 432 1875 τέθνηκε
449 1812 600 1887 Μιλτιάδης;
617 1820 664 1871 ποῦ
677 1813 703 1869 δὲ
717 1816 901 1891 &spreturi-iq
922 1821 970 1869 που
987 1812 1152 1888 δἘγιάλτηςς
1167 1819 1215 1869 ποῦ
1226 1802 1245 1867 δ’
1251 1815 1273 1868 οἱ

130 1919 214 1990 reposita
223 1917 332 1991 βασιλεῖς
344 1924 386 1973 καὶ
399 1923 557 1996 στμοιτηγοίζ
573 1915 616 1995 (3)

173 2013 283 2100 Igitur,
297 2028 438 2084 veterum
462 2030 495 2085 et
513 2020 736 2086 nonnullorum
753 2019 851 2107 ipsius
865 2019 1031 2106 {equalium
1045 2017 1175 2105 judicio.
1198 2018 1274 2084 Pro-

130 2127 235 2195 dicum
249 2149 312 2196 nou
327 2131 421 2198 modo
437 2133 597 2219 eleganter
622 2135 857 2220 enucleateque,
885 2133 940 2200 sed
964 2141 1117 2199 etoruate
1145 2141 1177 2197 et
1201 2151 1273 2218 gra-

127 2241 208 2308 viter
220 2245 400 2331 etcopiose,
419 2256 511 2333 atque
526 2247 707 2326 unoverlto,
724 2247 830 2326 attice,
844 2257 879 2313 ut
891 2258 999 2333 postea
1022 2246 1130 2333 Lysias
1153 2256 1185 2312 et
1204 2245 1275 2314 lso·

128 2367 241 2441 crates,
258 2358 374 2424 dixisse
397 2358 543 2445 colligere
564 2380 742 2446 possumus.
767 2359 912 2440 Quodne
930 2359 1000 2444 plus
1023 2378 1111 2445 nequo
1127 2359 1272 2423 affirmari

127 2467 281 2554 videatur,
297 2457 389 2537 liceat
401 2471 467 2537 lraec
482 2481 604 2537 tantum
621 2481 761 2557 repetere
774 2493 841 2557 quaa
854 2470 920 2557 jam
932 2469 1015 2536 haud
1034 2471 1132 2536 semel
1144 2491 1182 2536 ex
1203 2471 1272 2537 Pla-

127 2592 201 2648 tone
216 2582 424 2651 libentissime
439 2585 694 2667 memoravimus,
709 2584 875 2651 Prodicum
885 2584 965 2671 apud
974 2583 1183 2672 Athenienses
1198 2605 1271 2651 cou-

126 2696 317 2781 cionantem,
331 2699 469 2773 maximo
481 2700 623 2766 omnium
635 2700 746 2786 plausu
757 2698 993 2784 comprobatum
1006 2718 1075 2764 esse
1090 2699 1148 2783 (ll),
1162 2708 1267 2784 atquo,

126 2809 210 2895 quod
226 2810 264 2877 ab
289 2812 402 2878 eodem
426 2813 583 2880 Socratico
609 2813 803 2898 accepimus,
832 2832 904 2878 eum
929 2811 1055 2877 atticam
1081 2811 1268 2898 eloquentiae

111 2918 258 2988 ‘sormam
282 2925 359 2991 adeo
383 2936 489 2991 mente
504 2927 710 3012 excogitatam
732 2924 883 3007 tenuisse,
899 2935 935 2990 ut
959 2922 1089 2991 Lesbios
1103 2923 1269 3010 scriptores

127 3043 285 3120 tamquam
301 3035 450 3104 barbaros
462 3038 632 3123 exagitaret
644 3037 705 3123 (ὅ).

164 3275 199 3344 (ι)
215 3278 242 3331 a.
258 3262 320 3340 ndo.
336 3280 364 3332 r.

164 3375 198 3441 (2)
214 3377 339 3443 Hermug.
352 3377 387 3430 de
397 3381 492 3433 romu.
506 3382 592 3436 Orat.
607 3380 671 3448 Cup.
687 3381 715 3433 V.

165 3471 198 3538 (3)
214 3472 330 3528 Axiocd.
350 3472 412 3536 730.
428 3477 481 3534 EF.
499 3473 671 3545 christophor
681 3473 858 3549 lleinersjam
878 3473 978 3544 pridem
1002 3473 1099 3530 notavit
1111 3473 1137 3529 iu
1151 3474 1201 3530 hoc
1212 3475 1268 3530 diu-

124 3569 186 3638 logo
199 3570 324 3625 nonnulla
337 3571 405 3625 inter
419 3567 626 3628 se'disslmillima
640 3569 778 3637 contineri,
791 3573 825 3628 ita
839 3581 867 3627 ut
888 3588 947 3629 cum
962 3571 1080 3642 pessimis
1093 3573 1191 3643 optima
1207 3573 1266 3630 mis·

124 3677 241 3725 ceantur.
260 3669 366 3737 (lucta.
389 3673 424 3725 de
445 3673 617 3743 quidusdam
637 3673 1007 3745 Socraticorumrelt'qut'is‚
1025 3674 1056 3730 in
1076 3673 1198 3730 AEscltt‘n.
1215 3677 1269 3729 So*

124 3768 227 3823 crutic.
244 3769 370 3825 Fischeri.
387 3771 456 3838 lips,
468 3769 548 3834 1786,
564 3769 631 3834 λιι-8,
643 3786 744 3826 πο-ιιιι.

163 3866 197 3932 (l)
214 3866 298 3935 Hipp.
314 3869 383 3937 Maj.
396 3869 439 3932 96,
456 3872 485 3924 Β.
502 3897 532 3907 -
548 3869 587 3924 ol.
604 3870 724 3925 Philostr.
741 3872 792 3928 loc.
806 3871 854 3926 cit.

124 3988 130 4001 ι
164 3963 481 4034 (marezanegues.
