2946 4746
623 301 776 356 -btl-

122 426 265 510 Crantor,
278 426 311 492 in
327 427 573 496 consolationem
589 426 746 494 alicrendu
763 418 958 514 judicaverit.
980 428 1150 515 Utrumque
1170 431 1265 499 etiam

25 622 28 627 ¹
121 539 244 608 Prodici
259 539 443 626 sapientiam
457 540 643 627 compilasse
660 540 749 607 facile
765 539 947 626 credideris,
961 540 986 607 si
999 541 1157 608 Plutarchi
1173 542 1266 610 libel-

121 651 188 719 lum
203 652 395 739 perlegeris,
413 672 513 738 usque
531 653 609 721 adeo
625 652 745 720 eadem
767 671 837 739 quas
857 653 891 719 in
909 653 1060 735 Arimino,
1083 652 1265 737 consolandi

120 765 260 857 rationes
273 766 324 832 hic
339 765 457 852 passim
474 766 683 852 reperiuntur.
701 765 784 848 Quin
797 765 861 832 lere
876 766 915 832 ad
931 764 1061 833 verbum
1075 766 1182 833 nescio
1195 767 1266 852 quis

122 877 216 944 Teles
235 877 340 945 locum
360 878 400 945 dc
418 878 489 945 vite
502 878 712 947 incommodis
730 878 789 946 sihi
805 878 1005 966 adscripserit
1022 879 1056 944 in
1070 880 1205 966 quodam
1220 883 1267 946 De

128 992 199 1058 Vile
220 991 312 1076 libro,
329 989 418 1078 cujus
433 991 607 1079 fragmenta
622 991 703 1077 apud
719 990 880 1059 Stohaeum
898 1001 1022 1059 exstant
1042 991 1095 1072 ill.
1117 989 1266 1058 Cetemm

121 1103 199 1185 satis
213 1104 242 1171 ei
256 1104 411 1191 placuisse
422 1105 545 1172 Prodici
559 1123 653 1192 opera
665 1102 823 1190 videntur,
839 1123 974 1190 namque
987 1123 1061 1177 mox
1074 1102 1166 1170 nohis
1180 1103 1267 1169 locus

121 1216 183 1295 erit
196 1218 325 1285 notandi
338 1218 487 1287 eumdem
506 1218 648 1285 Telctem
670 1216 787 1303 aliquid
802 1217 945 1284 Herculis
965 1216 1134 1302 allegoriae,
1150 1216 1267 1283 oratio-

122 1331 235 1419 nisque
250 1337 287 1401 de
301 1338 426 1407 Divitiis
441 1335 639 1404 subduxisse.

145 1450 148 1455 ’
166 1446 263 1524 Multa
277 1449 372 1522 etiam
384 1435 469 1537 apud
477 1449 658 1538 Euripidem
672 1459 841 1518 occurrunt
856 1468 925 1534 quse
941 1447 1008 1516 Ccii
1029 1445 1171 1532 magistri
1190 1445 1267 1513 doc-

123 1559 215 1646 trinis
228 1562 277 1630 vel
289 1563 460 1631 moralibus
473 1562 629 1635 imbutum
640 1584 732 1649 eum,
751 1563 1002 1648 innutritumque
1023 1579 1093 1627 esse
1109 1569 1265 1645 arguunt,

122 1673 186 1762 ita,
202 1695 300 1762 quum
313 1676 455 1745 Theseus
478 1677 511 1744 in
526 1679 741 1762 supplicibus,
767 1676 816 1761 (P)
837 1702 852 1737 α
871 1675 1020 1767 quidam,
1044 1672 1162 1760 inquit,
1185 1672 1267 1739 mala

122 1785 203 1862 dixit
216 1787 306 1874 plura
324 1808 394 1856 esse
412 1790 594 1859 hominihus
611 1791 798 1877 malequam
814 1788 914 1871 bona,
941 1813 956 1844 a
980 1788 1052 1875 quis
1065 1806 1129 1853 non
1144 1784 1267 1871 signifi·

123 1899 187 1966 cari
200 1884 366 1976 Prodicum
381 1912 525 1989 putaret,
542 1923 636 1989 quem
651 1902 791 1989 Euripidi
809 1906 861 1986 (ut
875 1912 942 1967 crat
963 1899 1172 1983 bbrpnpartzbc)
1194 1900 1267 1987 pul-

122 2032 212 2081 crum
235 2014 294 2082 luit
314 2014 481 2084 refellere?
495 2017 603 2102 Neque
616 2017 702 2084 enim
723 2017 781 2083 luit
795 2014 1001 2103 injucundum
1021 2014 1268 2081 Atheniensibus

124 2127 178 2213 qui
190 2128 323 2198 orationi
344 2132 381 2199 de
408 2132 480 2196 Vibo
499 2151 536 2196 cc
560 2127 668 2197 Morte
689 2130 771 2217 apud
796 2128 926 2198 Calliam
949 2128 1064 2196 habitae
1085 2128 1265 2209 adfuerant,

125 2240 199 2309 talia
221 2241 254 2308 in
279 2243 401 2311 theatro
425 2243 597 2330 disceptata
621 2244 817 2326 auscultare,
844 2242 1017 2329 praesertim
1045 2262 1142 2328 quum
1167 2241 1268 2328 poetis

125 2353 278 2434 scenicis,
306 2366 342 2431 ut
365 2356 474 2446 epulas
498 2355 660 2442 potissime
687 2365 807 2423 amatas
833 2354 1027 2421 auditoribus
1054 2364 1267 2441 apponerent,

124 2468 352 2536 controversias
364 2468 477 2543 fabulis
492 2470 630 2546 inserere
644 2489 713 2537 mos
725 2478 809 2538 esset
824 2467 883 2554 (3).
897 2467 984 2534 idem
1000 2467 1141 2533 Theseus
1161 2467 1242 2533 inira
1259 2495 1266 2534 :

129 2603 144 2636 n
169 2577 259 2645 Unde
273 2579 497 2677 quodcunque,
514 2580 576 2665 ait,
592 2580 623 2647 in
642 2600 755 2666 corpus
779 2590 923 2647 nostrum
937 2578 1040 2656 venit,
1067 2577 1141 2645 illuc
1165 2598 1269 2644 revers

126 2689 224 2776 titur,
240 2691 369 2776 spiritns
383 2691 415 2757 in
433 2693 569 2777 ethera,
585 2713 698 2780 corpus
716 2703 821 2761 autem
844 2691 877 2757 in
900 2701 1015 2759 terram
1031 2719 1038 2758 ι
1055 2690 1088 2756 id
1102 2691 1187 2757 enim
1204 2711 1271 2763 non

126 2805 287 2899 proprium
303 2806 478 2892 hahemus,
501 2807 606 2874 sedin
626 2809 685 2878 hac
709 2806 773 2873 vita
794 2806 1011 2892 domicilium,
1028 2825 1088 2891 qua
1113 2805 1216 2888 finita,
1236 2805 1270 2871 id

126 2928 250 3004 oportet
265 2921 394 3008 recipiat
407 2931 489 2988 terra
501 2923 608 3007 nutrix
624 2949 640 2984 r
662 2923 723 3004 (i).
742 2923 778 2988 ln
794 2921 864 2988 istis
884 2941 1007 3007 quoque
1022 2920 1145 2988 Prodici
1157 2920 1273 3007 placita.

127 3030 168 3097 de
184 3032 288 3099 anima
308 3044 341 3100 et
360 3054 489 3121 corpore
503 3035 710 3121 agnoscenda.
729 3035 775 3105 113
794 3033 908 3101 talibus
922 3043 1027 3106 autem
1047 3033 1073 3100 si
1097 3033 1166 3119 quis
1181 3033 1270 3119 pluro
1307 3040 1310 3045 ’

130 3145 217 3230 velit,
234 3147 272 3214 V.
287 3147 414 3215 doctiss.
428 3149 630 3217 Welckerum
644 3149 752 3232 adeat,
766 3149 838 3236 qui,
854 3169 950 3235 quum
960 3148 1039 3214 nihil
1054 3148 1129 3214 certi
1139 3146 1269 3226 omittit,

130 3268 198 3324 tum
213 3259 294 3326 ultra
320 3261 414 3328 sudem
436 3263 525 3348 plura
546 3261 711 3352 jaculatur.
739 3262 837 3334 Nobis
862 3261 902 3328 sit
921 3260 996 3328 satis
1019 3260 1051 3327 in
1075 3270 1273 3350 postremum

130 3369 244 3459 addere
252 3424 266 3485 .’
282 3372 333 3438 his
343 3376 471 3458 Polyidi
485 3386 559 3457 aut,
577 3385 613 3441 ut
626 3374 753 3460 quidam
766 3374 896 3455 volunt,
913 3372 1019 3439 Phrixi
1032 3371 1176 3440 versibus
1194 3400 1201 3438 :

333 3496 376 3555 Τίς
389 3489 476 3549 δὀἶδεν
491 3498 512 3549 εἰ
527 3499 556 3550 τὸ
570 3499 613 3559 ζῆν
627 3494 670 3569 μέν
680 3497 877 3565 essentiendi,

331 3604 365 3656 Τὸ
375 3604 500 3655 anmoins
516 3598 542 3654 δὲ
555 3606 598 3677 ζῇν
611 3603 680 3656 κάτω
692 3602 829 3676 replicem
843 3592 894 3673 (5).

169 3776 203 3843 (1)
224 3779 316 3832 Serm.
328 3790 398 3837 rcrr.
413 3791 439 3845 p.
452 3777 512 3832 525.

170 3874 204 3942 (a)
226 3875 255 3928 v.
272 3873 339 3936 rou.
354 3889 394 3944 sq.

168 3968 203 4036 (3)
225 3969 281 4025 vid.
308 3971 335 4024 V.
359 3968 396 4026 cl.
416 3968 498 4025 Patin.
528 3956 634 4025 drudes
653 3985 705 4024 sur
725 3972 764 4024 les
778 3968 936 4040 Trapiqucs
949 3981 1039 4036 precs.
1061 3969 1093 4022 Τ.
1118 3968 1144 4026 1.
1169 3980 1196 4035 p.
1221 3965 1271 4027 513.

145 4064 227 4124 talib.

128 4078 143 4137 β
168 4161 203 4232 lli)
223 4165 253 4219 v.
271 4164 336 4226 oba.
351 4176 409 4235 sqq·
423 4163 462 4221 cl.
479 4164 554 4220 Pind.
569 4164 639 4233 opurl
652 4165 779 4220 clement.
792 4163 866 4220 Alex.
878 4168 1018 4221 stromat.
1037 4164 1077 4217 lv.

171 4259 206 4343 (5)
229 4261 261 4316 lli
275 4277 366 4318 versus
383 4260 520 4318 laudantur
535 4261 549 4315 h
568 4262 677 4317 Platone
691 4262 716 4316 in
733 4261 851 4331 Gorpirt.
867 4260 929 4326 300.
945 4258 965 4318 h
980 4278 988 4326 ;
1002 4274 1016 4316 a
1031 4259 1108 4328 Diog.
1125 4262 1209 4314 lnerl.
1228 4271 1255 4312 rr
1264 4295 1278 4337 ..1
