2946 4746
650 318 807 373 4(-

162 464 225 508 non
237 455 302 508 tone
314 447 582 510 demonstrationis
596 449 659 510 oin
670 448 782 511 babere
795 465 890 528 moni
902 447 1126 527 ostentationis,
1140 445 1300 514 nonnullis

162 547 199 623 ea
218 557 305 624 dere
326 557 416 641 (tanti
435 557 577 644 magistri
598 577 674 645 pace
693 558 839 639 dixerim)
866 557 942 624 satis
965 557 1094 624 confuse
1115 557 1241 641 additis,
1267 559 1299 626 id

163 691 262 755 genus
276 676 366 756 qnole
384 676 424 750 sit
444 676 576 755 quidque
591 676 801 738 demonstrare
816 673 929 739 latetur
944 669 995 751 (1).
1020 671 1148 739 Minime
1171 673 1299 758 quidem

164 784 292 851 dubium
319 783 412 852 credo
441 785 547 864 illum,
572 806 669 873 quum
692 806 797 853 coram
822 785 986 872 permultis
1013 785 1208 852 auditoribus
1231 786 1298 853 dis-

163 908 300 982 sereret,
328 899 417 966 valde
442 911 601 967 accuratas
625 899 766 969 attulisse
792 900 972 983 orationes,
1001 919 1057 986 per
1085 919 1162 986 quas
1193 900 1240 967 eis
1268 911 1300 967 et

162 1012 283 1097 placere
308 1025 432 1100 posset,
458 1026 491 1081 et
512 1015 634 1082 animos
658 1014 782 1081 virtutis
805 1033 911 1080 amore
932 1024 985 1080 aut
1001 1013 1189 1098 litterarum,
1211 1014 1300 1100 iuge-

162 1147 357 1214 nuarumque
375 1129 489 1197 artium
506 1129 648 1197 omnium
669 1128 773 1196 studio
784 1126 951 1195 imbueret.
966 1127 1170 1194 Parmenidis
1193 1148 1302 1197 exem-

161 1241 214 1326 plo
230 1241 291 1328 (2),
309 1241 458 1309 Prodicus
476 1241 630 1329 opinioni,
653 1240 745 1325 (δόξῃ)
762 1239 918 1327 parcebat,
940 1240 973 1307 id
993 1260 1091 1306 uuum
1110 1260 1148 1306 ex
1171 1241 1300 1308 veritate

159 1352 293 1420 afferens
307 1354 389 1440 quod
404 1375 515 1422 omnes
527 1365 634 1423 mente
648 1363 778 1442 possent
790 1350 1067 1438 comprehendere,
1082 1362 1114 1419 et
1127 1373 1206 1438 quos
1222 1357 1301 1420 locos

159 1488 332 1533 communes
346 1468 548 1535 nominavere
564 1477 696 1549 veteres,
717 1477 750 1533 et
769 1465 836 1552 ipse
855 1464 1066 1546 Quintilianus
1082 1467 1128 1550 (3)
1145 1495 1153 1551 3
1176 1485 1213 1531 ex
1237 1486 1300 1552 quo

160 1578 326 1646 Prodicum
357 1581 452 1647 luisse
486 1581 569 1647 inter
592 1579 721 1666 primos
741 1582 926 1660 loquentem<
958 1578 1011 1664 qui
1035 1597 1092 1645 eos
1117 1577 1300 1644 dicebantur
1337 1645 1341 1653 ,

160 1705 322 1780 tractasse,
353 1697 577 1783 comperimus.
604 1695 696 1782 Apud
717 1688 846 1763 eosdem
877 1694 1036 1760 clarorum·
1065 1705 1241 1779 poetarum,
1266 1693 1299 1760 in

160 1809 331 1897 primisque
348 1810 531 1894 Simonidis,
549 1811 708 1898 popularis
723 1810 772 1877 sui
790 1809 851 1895 (d),
865 1808 1003 1875 earmina
1017 1807 1179 1890 recitabat,
1200 1808 1299 1875 inter-

160 1922 413 2010 pretabaturque,
441 1924 585 2011 aperiens
605 1923 680 2011 quid
703 1923 742 1990 ad
763 1942 867 1990 mores
884 1922 1017 2006 vitaque
1038 1921 1299 2005 consuetudinem

159 2034 350 2119 coulerrent,
376 2037 450 2123 quid
473 2037 570 2120 recti,
595 2035 775 2124 quidprari
800 2054 907 2102 eorum
934 2032 1082 2119 operibus
1105 2032 1223 2100 inesset
1248 2033 1297 2114 (5).

163 2148 395 2236 Nonnunquam
411 2151 512 2238 aliqua
524 2171 562 2218 ex
572 2149 778 2218 iissententia
786 2158 930 2235 excerpta
937 2145 1012 2234 quid
1026 2146 1132 2231 vellet,
1144 2157 1179 2214 nt
1190 2147 1301 2216 Prota-

162 2282 264 2348 goras,
279 2264 311 2330 iu
324 2277 440 2352 ἐπωνύμῳ
453 2264 593 2332 Platonis
604 2264 739 2350 dialogo,
753 2261 936 2348 explicabat.
949 2261 1016 2327 Hoc
1024 2260 1165 2327 sutoria
1182 2260 1302 2327 exerci-

161 2379 288 2447 tationis
303 2399 403 2466 gcnus
419 2391 527 2468 postea
541 2400 701 2466 nunquam
716 2399 741 2444 a
757 2374 881 2443 dicendi
904 2374 1064 2461 magistris
1082 2375 1248 2458 omissum,
1270 2387 1303 2442 et

161 2493 327 2581 inter-quae
342 2505 454 2563 vocant
470 2507 694 2579 πριγυμιάσματα,
706 2503 885 2574 occurrunt,
905 2491 1145 2572 nominepupn,
1159 2489 1300 2575 Homeri,

162 2602 373 2691 Tbeognidis‚
401 2608 596 2694 aliorumque
619 2627 729 2674 versus
756 2605 799 2673 ita
824 2605 968 2692 explicati
993 2615 1026 2672 et
1045 2615 1225 2672 commento
1251 2605 1304 2672 ad·

163 2718 245 2783 aucti
265 2719 324 2810 (6).

207 2829 274 2912 Qua
301 2833 431 2919 quidem
441 2845 588 2901 extranea
608 2833 771 2920 disciplina
790 2834 943 2921 precipue
968 2832 1094 2901 tandem
1115 2855 1208 2902 usum
1233 2856 1303 2904 esse

162 2945 330 3014 Prodicum
355 2947 515 3037 probabile
535 2959 604 3034 est3
627 2960 676 3032 et,
700 2969 797 3035 quum
821 2948 861 3015 ad
891 2948 1056 3032 virtutem,
1088 2949 1303 3037 optimamque

162 3059 285 3127 vivendi
319 3070 418 3129 artem
443 3062 642 3147 conduceret,
671 3064 809 3150 pristina
840 3057 1104 3131 instituendomm
1135 3084 1304 3150 puerorum

162 3173 291 3243 rationis
303 3175 508 3245 sectatoribus
520 3176 641 3264 placere
661 3175 781 3259 debuit,
797 3176 1013 3263 inprimisque
1028 3175 1228 3262 Aristophani
1247 3178 1302 3265 qui

165 3525 198 3581 de
209 3523 310 3593 Platon,
324 3543 363 3584 xx.
378 3527 440 3584 165.
462 3528 561 3585 Eodem
573 3544 651 3585 senso
665 3536 691 3584 et
702 3527 757 3584 lere
770 3527 915 3583 sexcenties
929 3526 987 3583 talia
1000 3526 1070 3584 idem
1092 3526 1143 3584 dici
1156 3528 1245 3587 voluit.
1263 3529 1304 3585 cl.

165 3622 256 3682 AEllan.
274 3630 342 3682 Var.
357 3628 431 3683 Hist.
448 3642 485 3682 rx.
501 3626 544 3684 36.

206 3725 240 3793 (1)
261 3731 302 3782 De
315 3727 443 3783 institut.
461 3731 547 3784 Orat.
562 3740 607 3790 ru,
624 3739 660 3781 rs.
677 3725 720 3782 13.

205 3826 241 3894 (2)
262 3823 320 3880 Vld.
342 3825 434 3890 simpl.
455 3833 482 3880 et
501 3824 651 3894 Philopon„
674 3833 701 3880 et
719 3826 762 3880 Fr.
779 3822 1028 3888 bituminis-citat.
1048 3851 1084 3863 -
1105 3822 1143 3879 ct.
1158 3823 1305 3879 Parmenid.
1423 3865 1429 3875 .

164 3912 257 3988 lragni.
271 3921 366 3979 edente
378 3920 427 3980 Fr.'
436 3922 526 3987 iliaux,
542 3936 568 3992 p.
584 3900 650 3986 209(
659 3921 720 3980 223.

203 4012 237 4081 (3)
259 4013 326 4070 lbid.
346 4030 390 4078 ιιι,
406 4030 425 4083 r,
441 4015 485 4071 12.

203 4109 237 4179 (lt)
258 4116 413 4182 Protagor.
426 4112 489 4177 206,
505 4114 532 4168 Α.

204 4209 238 4277 (5)
259 4208 333 4266 reid.
345 4209 408 4274 205,
423 4211 454 4266 Α.

204 4305 239 4376 (6)
261 4308 290 4363 V.
307 4307 440 4376 Apbtbon.
452 4317 479 4364 ct
491 4311 614 4380 anonymi
627 4310 733 4367 Bituric.
750 4309 905 4365 Bibliotbec
921 4324 982 4366 nrss.
997 4315 1273 4380 l’roqnmnasmnto.
