2946 4746
604 339 644 352 -
663 313 702 369 20
722 341 763 353 -

88 493 90 497 .
113 437 328 524 vituperentur
342 437 478 506 declarat
495 439 547 521 (l).
568 434 602 507 ld
619 440 663 506 illi
679 459 752 506 mox
770 461 854 508 curae
878 462 947 510 esse
963 444 1069 528 desiit,
1084 446 1170 532 quod
1191 444 1273 532 phi-

87 554 254 645 losophia
279 555 444 642 indignum
465 555 674 639 existimabat,
691 566 723 622 et
744 567 929 643 perpetuam
950 560 999 625 sui
1025 561 1172 626 audiendi
1191 579 1272 627 om-

111 666 205 734 nihus
229 668 351 755 copiam
379 669 462 736 fecit.
488 671 626 755 Utroque
654 668 787 735 docendi
819 689 907 736 more
935 670 1103 740 Prodicum
1135 691 1270 758 quoque

19 820 22 825 <
110 798 204 847 usum
219 801 289 849 esse
304 792 426 848 constat
441 810 447 848 :
465 782 601 868 primum
626 778 769 847 imitatus
788 781 877 858 alios,
896 803 1051 869 suumque
1070 784 1269 870 magistrum

110 895 323 983 Protagoram,
340 898 394 983 qni
408 897 569 984 discipulis
582 899 657 965 solis
671 899 703 964 in
720 914 834 965 arcano
855 901 900 987 (ει
915 903 1065 985 acopo-lap)
1083 904 1269 990 explicabat

108 1009 285 1092 veritatem,
300 1011 478 1079 auditorum
493 1022 598 1079 autern
621 1012 792 1100 plebeculae
815 1014 960 1097 (συρφετῷ)
976 1016 1133 1102 allegoriis
1154 1018 1268 1084 invol-

108 1123 201 1191 vebat
215 1123 276 1208 (P),
291 1127 434 1213 exempla
456 1127 587 1194 sortasse
610 1127 779 1214 superavit.
796 1127 937 1213 Etenim,
959 1129 1051 1195 initio
1069 1130 1184 1216 dialogi
1209 1132 1266 1198 cni

108 1258 225 1305 nomen
246 1232 550 1326 ipsius'inscribitnr,
571 1241 756 1327 Protagoras
771 1241 934 1308 declarans
946 1263 1016 1309 sese
1035 1244 1152 1331 absque
1169 1246 1265 1328 omni

107 1351 274 1446 verborum
290 1351 478 1419 obscuritate
497 1354 621 1436 docere,
645 1373 715 1421 sese
730 1364 880 1438 ostentat,
902 1355 1005 1440 inquit
1020 1355 1175 1439 Socrates,
1188 1358 1266 1442 jae-

108 1474 214 1551 tatque
228 1466 310 1552 apud
324 1465 503 1549 Prodicum,
520 1467 565 1533 sic
579 1466 719 1552 oblique,
740 1477 775 1533 ut
792 1467 917 1554 opinor,
940 1468 1152 1554 perstrictum,
1171 1471 1266 1555 quod

106 1576 250 1666 quaedam
271 1579 403 1646 docendi
424 1579 572 1667 mysteria
593 1579 784 1646 observaret.
811 1579 875 1646 Sed
897 1580 1080 1666 plerumque
1102 1580 1265 1668 quidquid

105 1695 342 1780 praecavendum
363 1705 441 1777 erat,
463 1694 583 1778 omisit,
605 1705 642 1761 nt
656 1704 843 1780 argumento
859 1705 934 1761 sunt
949 1715 1016 1780 quae
1038 1695 1066 1761 ei
1085 1695 1117 1760 in
1137 1696 1262 1784 Lyceo,

105 1821 241 1877 testante
255 1809 382 1878 Socrate
397 1810 430 1876 in
441 1813 583 1895 Euporia,
601 1829 747 1890 evenere,
760 1822 857 1894 quum
870 1805 1008 1875 insanire
1020 1810 1120 1876 visum
1137 1832 1268 1899 egyrn-

105 1923 194 1990 nasio
212 1924 339 1992 tandem
354 1922 517 2011 ejicerent.
535 1924 582 1989 Ex
596 1924 647 1990 his
667 1943 735 2009 quae
755 1921 880 1988 decimo
903 1922 968 1988 fere
986 1938 1068 1989 anno
1087 1935 1264 2011 postquam

104 2035 241 2123 primum
265 2046 477 2103 commoratus
503 2047 553 2101 est
571 2026 725 2117 Athenis,
743 2025 880 2100 ‘summa
904 2027 1062 2119 sapientia
1090 2036 1171 2102 lama
1193 2038 1264 2106 llo·
1297 2091 1301 2097 ,

17 2198 19 2203 ,
100 2149 183 2216 renti
198 2169 343 2232 evenere,
360 2150 464 2236 potnit
482 2148 659 2234 intelligere
674 2167 736 2233 quo
756 2146 864 2212 animo
885 2158 991 2212 essent
1012 2148 1157 2215 homines
1180 2171 1263 2237 erga

101 2262 333 2348 philosophiam
358 2263 416 2342 (3).
448 2261 578 2328 Duabus
614 2260 709 2346 igitur
735 2258 978 2345 philosophandi
1007 2259 1066 2326 viis
1096 2281 1174 2328 usus
1206 2276 1265 2332 est

11 2442 15 2451 ,
100 2375 263 2458 Prodicus,
285 2396 382 2462 pum
399 2375 460 2441 alia
479 2363 608 2442 doceret
621 2371 769 2439 omnibus
784 2370 1031 2453 accommodata,
1046 2372 1104 2437 alia
1123 2373 1156 2438 in
1179 2395 1263 2461 pan-

100 2509 210 2555 corum
252 2489 346 2555 modo
384 2487 589 2553 familiarium
628 2486 733 2551 sinum
772 2484 954 2568 deponeret.
989 2483 1088 2550 Priori
1119 2486 1260 2557 docendi

101 2602 210 2688 generi
239 2602 321 2688 quod
353 2605 518 2667 exotericas
543 2597 723 2665 Aristotelis
749 2595 1031 2681 disputationibus,
1056 2597 1138 2665 haud
1161 2622 1263 2672 secus

100 2727 194 2802 atque
224 2719 443 2782 aeroomotieis
469 2732 525 2779 seu
557 2713 709 2776 esoterieis
736 2706 904 2793 posteriue,
936 2707 1160 2776 conterendum
1189 2726 1258 2800 est,

99 2828 253 2919 assignari
269 2836 402 2914 possunt
418 2845 498 2911 quas
518 2825 778 2891 commendatae,
797 2837 860 2903 quo
879 2817 1028 2932 vocabulo
1045 2839 1107 2886 non
1127 2834 1260 2895 tanturn

99 2943 187 3011 laetae
201 2940 241 3008 ad
255 2940 502 3008 ostentationem
523 2935 738 3022 significantur
758 2930 929 3011 orationes,
954 2931 1009 2996 sed
1025 2934 1172 3003 omnihus
1187 2949 1260 3007 tra-

98 3054 175 3122 ditae
193 3052 494 3131 demonstrationes,
514 3059 550 3115 ut
572 3041 720 3132 colligere
743 3053 793 3110 est
813 3062 852 3108 ex
872 3042 980 3108 multis
1002 3043 1141 3151 Platonis
1159 3050 1257 3137 lociS,

97 3178 191 3253 atque
207 3163 365 3250 inprimis
384 3182 424 3228 ex
440 3163 602 3243 Sophiste,
618 3157 671 3223 uhi
686 3153 844 3221 Eleaticus
859 3153 1063 3239 philosophus
1077 3177 1111 3222 se
1130 3161 1273 3244 pudere'

95 3281 139 3347 ait
153 3278 238 3365 quod
254 3299 318 3345 non
334 3275 440 3342 verbis
453 3272 594 3339 uicissim
614 3269 695 3336 datis
714 3267 907 3371 redditisque
928 3265 1101 3334 disserendi
1118 3273 1259 3344 societa-

95 3401 162 3461 t'em
185 3391 234 3457 vel
257 3389 485 3458 commercium
507 3385 605 3467 ineat,
632 3384 700 3466 sed,
727 3393 858 3449 extensa
880 3380 913 3445 in
939 3379 1068 3465 longum
1092 3385 1254 3473 oratione,

95 3518 151 3576 aut
166 3507 235 3592 ipse
255 3525 311 3591 per
331 3524 365 3571 se
381 3513 436 3569 aut
449 3520 523 3567 cum
537 3499 598 3566 alio
613 3497 837 3585 respondente,
858 3494 1026 3581 quamdam
1049 3495 1258 3572 demonstra-

93 3620 217 3686 tionem
237 3616 329 3683 saciat
351 3615 402 3696 (dl.
431 3611 644 3694 Quintilianus
661 3611 746 3698 ipse,
772 3607 826 3694 qui
847 3608 984 3695 primum
1005 3608 1072 3674 vult
1087 3613 1257 3682 ἐπιδεικτικὸν

134 3900 168 3969 (1)
191 3899 263 3955 Plato
283 3899 340 3968 ipse
361 3908 525 3955 testaturses
539 3914 601 3956 suas
615 3898 849 3965 orationesneque
866 3893 891 3948 in
903 3893 1183 3962 vutgnsennhssett.
1201 3906 1248 3961 ad

72 4000 78 4011 '
92 3998 214 4066 bionna.
229 3996 339 4064 epistol.
357 4009 383 4066 p.
396 3995 458 4053 707.
470 4000 521 4054 EF.

133 4093 168 4160 (a)
191 4096 325 4175 Pheoetet,
345 4092 408 4158 118,
422 4096 452 4149 E.

131 4193 166 4260 (3)
187 4196 277 4262 Eryx.
294 4193 359 4256 7tc.
372 4196 406 4251 D.
710 4260 713 4265 y

126 4287 164 4358 (hl
190 4293 330 4347 «Comme
341 4286 977 4365 siJ'efaa'saisuaeddmonstratr'onpullique.
995 4307 1007 4337 ι
1025 4285 1133 4349 cousin,
1149 4291 1243 4352 Trad.
