<?xml version="1.0" encoding="UTF-8"?>
<!DOCTYPE html PUBLIC "-//W3C//DTD XHTML 1.0 Transitional//EN"
    "http://www.w3.org/TR/xhtml1/DTD/xhtml1-transitional.dtd">
<html xmlns="http://www.w3.org/1999/xhtml" xml:lang="en" lang="en">
 <head>
  <title>
</title>
<meta http-equiv="Content-Type" content="text/html;charset=utf-8" />
  <meta name='ocr-system' content='tesseract 3.04.00' />
  <meta name='ocr-capabilities' content='ocr_page ocr_carea ocr_par ocr_line ocrx_word'/>
</head>
<body>
  <div class='ocr_page' id='page_1' title='image "./deprodicoceioso01couggoog_0028.png"; bbox 0 0 2946 4746; ppageno 0'>
   <div class='ocr_carea' id='block_1_1' title="bbox 672 304 830 360">
    <p class='ocr_par' dir='ltr' id='par_1_1' title="bbox 672 304 830 360">
     <span class='ocr_line' id='line_1_1' title="bbox 672 304 830 360; baseline 0 -15"><span class='ocrx_word' id='word_1_1' title='bbox 672 304 830 360; x_wconf 72' lang='lat'>..23-</span> 
     </span>
    </p>
   </div>
   <div class='ocr_carea' id='block_1_2' title="bbox 169 428 1321 2782">
    <p class='ocr_par' dir='ltr' id='par_1_2' title="bbox 169 428 1321 2782">
     <span class='ocr_line' id='line_1_2' title="bbox 178 428 1321 516; baseline 0.002 -22"><span class='ocrx_word' id='word_1_2' title='bbox 178 439 244 495; x_wconf 89' lang='lat' dir='ltr'>orat</span> <span class='ocrx_word' id='word_1_3' title='bbox 255 429 471 516; x_wconf 88' lang='lat' dir='ltr'>pauperrimus</span> <span class='ocrx_word' id='word_1_4' title='bbox 487 429 548 510; x_wconf 79' lang='grc'>(1).</span> <span class='ocrx_word' id='word_1_5' title='bbox 574 429 636 497; x_wconf 86' lang='lat' dir='ltr'>Sed</span> <span class='ocrx_word' id='word_1_6' title='bbox 651 430 736 497; x_wconf 90' lang='lat' dir='ltr'>enim</span> <span class='ocrx_word' id='word_1_7' title='bbox 749 440 853 511; x_wconf 86' lang='lat' dir='ltr'>antea,</span> <span class='ocrx_word' id='word_1_8' title='bbox 869 429 993 496; x_wconf 87' lang='lat' dir='ltr'>Eleates</span> <span class='ocrx_word' id='word_1_9' title='bbox 1004 429 1101 509; x_wconf 90' lang='lat' dir='ltr'>Zeno,</span> <span class='ocrx_word' id='word_1_10' title='bbox 1122 429 1174 514; x_wconf 89' lang='lat' dir='ltr'>qui</span> <span class='ocrx_word' id='word_1_11' title='bbox 1190 428 1321 515; x_wconf 90' lang='lat' dir='ltr'>Sophis-</span> 
     </span>
     <span class='ocr_line' id='line_1_3' title="bbox 179 541 1320 629; baseline 0.001 -23"><span class='ocrx_word' id='word_1_12' title='bbox 179 541 218 607; x_wconf 89' lang='lat' dir='ltr'>tis</span> <span class='ocrx_word' id='word_1_13' title='bbox 229 541 323 627; x_wconf 86' lang='lat' dir='ltr'>vulgo</span> <span class='ocrx_word' id='word_1_14' title='bbox 336 562 399 608; x_wconf 94' lang='lat' dir='ltr'>non</span> <span class='ocrx_word' id='word_1_15' title='bbox 414 553 660 626; x_wconf 80' lang='lat' dir='ltr'><strong>annumeratur,</strong></span> <span class='ocrx_word' id='word_1_16' title='bbox 683 563 700 610; x_wconf 94' lang='lat' dir='ltr'>a</span> <span class='ocrx_word' id='word_1_17' title='bbox 712 541 874 629; x_wconf 92' lang='lat' dir='ltr'>discipulis</span> <span class='ocrx_word' id='word_1_18' title='bbox 889 562 945 628; x_wconf 92' lang='lat' dir='ltr'>pro</span> <span class='ocrx_word' id='word_1_19' title='bbox 959 542 1104 609; x_wconf 82' lang='lat' dir='ltr'>mercede</span> <span class='ocrx_word' id='word_1_20' title='bbox 1118 553 1246 610; x_wconf 87' lang='lat' dir='ltr'>centum</span> <span class='ocrx_word' id='word_1_21' title='bbox 1261 542 1320 607; x_wconf 91' lang='lat' dir='ltr'>mi·</span> 
     </span>
     <span class='ocr_line' id='line_1_4' title="bbox 178 655 1319 744; baseline 0.002 -24"><span class='ocrx_word' id='word_1_22' title='bbox 178 674 247 738; x_wconf 93' lang='lat' dir='ltr'>nas,</span> <span class='ocrx_word' id='word_1_23' title='bbox 261 655 343 742; x_wconf 85' lang='lat' dir='ltr'>quod</span> <span class='ocrx_word' id='word_1_24' title='bbox 356 667 388 723; x_wconf 87' lang='lat' dir='ltr'>et</span> <span class='ocrx_word' id='word_1_25' title='bbox 403 656 443 723; x_wconf 92' lang='lat' dir='ltr'>de</span> <span class='ocrx_word' id='word_1_26' title='bbox 463 657 633 742; x_wconf 76' lang='lat' dir='ltr'><strong>Protagora</strong></span> <span class='ocrx_word' id='word_1_27' title='bbox 654 655 779 738; x_wconf 90' lang='lat' dir='ltr'>dieitur,</span> <span class='ocrx_word' id='word_1_28' title='bbox 800 656 916 742; x_wconf 82' lang='lat' dir='ltr'>exegit,</span> <span class='ocrx_word' id='word_1_29' title='bbox 932 667 967 723; x_wconf 91' lang='lat' dir='ltr'>ut</span> <span class='ocrx_word' id='word_1_30' title='bbox 987 667 1141 723; x_wconf 86' lang='lat' dir='ltr'>memorat</span> <span class='ocrx_word' id='word_1_31' title='bbox 1157 655 1319 744; x_wconf 82' lang='lat' dir='ltr'>Olympio·</span> 
     </span>
     <span class='ocr_line' id='line_1_5' title="bbox 177 767 1318 863; baseline 0.003 -30"><span class='ocrx_word' id='word_1_32' title='bbox 177 767 284 852; x_wconf 92' lang='lat' dir='ltr'>dorus,</span> <span class='ocrx_word' id='word_1_33' title='bbox 307 768 360 863; x_wconf 83' lang='lat' dir='ltr'>qui</span> <span class='ocrx_word' id='word_1_34' title='bbox 375 770 456 835; x_wconf 89' lang='lat' dir='ltr'>hanc</span> <span class='ocrx_word' id='word_1_35' title='bbox 471 769 623 855; x_wconf 91' lang='lat' dir='ltr'>optimam</span> <span class='ocrx_word' id='word_1_36' title='bbox 637 769 709 836; x_wconf 85' lang='lat' dir='ltr'>laeti</span> <span class='ocrx_word' id='word_1_37' title='bbox 726 789 852 836; x_wconf 86' lang='lat' dir='ltr'>causam</span> <span class='ocrx_word' id='word_1_38' title='bbox 872 768 972 853; x_wconf 81' lang='lat' dir='ltr'>affert,</span> <span class='ocrx_word' id='word_1_39' title='bbox 989 769 1067 836; x_wconf 93' lang='lat' dir='ltr'>nihil</span> <span class='ocrx_word' id='word_1_40' title='bbox 1093 770 1231 856; x_wconf 84' lang='lat' dir='ltr'>prolecto</span> <span class='ocrx_word' id='word_1_41' title='bbox 1247 788 1318 836; x_wconf 90' lang='lat' dir='ltr'>esse</span> 
     </span>
     <span class='ocr_line' id='line_1_6' title="bbox 178 879 1319 970; baseline 0.003 -25"><span class='ocrx_word' id='word_1_42' title='bbox 178 879 301 967; x_wconf 85' lang='lat' dir='ltr'>injusti,</span> <span class='ocrx_word' id='word_1_43' title='bbox 325 881 369 965; x_wconf 93' lang='lat' dir='ltr'>si,</span> <span class='ocrx_word' id='word_1_44' title='bbox 396 882 510 950; x_wconf 88' lang='lat' dir='ltr'>medici</span> <span class='ocrx_word' id='word_1_45' title='bbox 534 892 773 969; x_wconf 88' lang='lat' dir='ltr'>ceterorumque</span> <span class='ocrx_word' id='word_1_46' title='bbox 798 883 909 966; x_wconf 89' lang='lat' dir='ltr'>instar,</span> <span class='ocrx_word' id='word_1_47' title='bbox 932 881 1051 969; x_wconf 87' lang='lat' dir='ltr'>justum</span> <span class='ocrx_word' id='word_1_48' title='bbox 1078 902 1134 970; x_wconf 91' lang='lat' dir='ltr'>pro</span> <span class='ocrx_word' id='word_1_49' title='bbox 1149 883 1232 950; x_wconf 89' lang='lat' dir='ltr'>euris</span> <span class='ocrx_word' id='word_1_50' title='bbox 1241 901 1319 969; x_wconf 88' lang='lat' dir='ltr'>quas</span> 
     </span>
     <span class='ocr_line' id='line_1_7' title="bbox 177 993 1318 1084; baseline 0.004 -25"><span class='ocrx_word' id='word_1_51' title='bbox 177 993 246 1061; x_wconf 87' lang='lat' dir='ltr'>aliis</span> <span class='ocrx_word' id='word_1_52' title='bbox 258 995 441 1063; x_wconf 85' lang='lat' dir='ltr'>emdiendis</span> <span class='ocrx_word' id='word_1_53' title='bbox 454 997 618 1084; x_wconf 83' lang='lat' dir='ltr'>impendit,</span> <span class='ocrx_word' id='word_1_54' title='bbox 634 997 770 1083; x_wconf 90' lang='lat' dir='ltr'>pretium</span> <span class='ocrx_word' id='word_1_55' title='bbox 784 997 915 1084; x_wconf 89' lang='lat' dir='ltr'>accipiat</span> <span class='ocrx_word' id='word_1_56' title='bbox 933 997 1138 1083; x_wconf 93' lang='lat' dir='ltr'>philosophus</span> <span class='ocrx_word' id='word_1_57' title='bbox 1157 997 1216 1078; x_wconf 73' lang='lat'>(2).</span> <span class='ocrx_word' id='word_1_58' title='bbox 1238 996 1318 1063; x_wconf 91' lang='lat' dir='ltr'>Pro-</span> 
     </span>
     <span class='ocr_line' id='line_1_8' title="bbox 176 1107 1317 1197; baseline 0.004 -24"><span class='ocrx_word' id='word_1_59' title='bbox 176 1107 280 1174; x_wconf 89' lang='lat' dir='ltr'>dicum</span> <span class='ocrx_word' id='word_1_60' title='bbox 288 1120 321 1175; x_wconf 91' lang='lat' dir='ltr'>et</span> <span class='ocrx_word' id='word_1_61' title='bbox 332 1109 364 1175; x_wconf 90' lang='lat' dir='ltr'>in</span> <span class='ocrx_word' id='word_1_62' title='bbox 377 1110 463 1177; x_wconf 88' lang='lat' dir='ltr'>tenui</span> <span class='ocrx_word' id='word_1_63' title='bbox 478 1130 512 1178; x_wconf 87' lang='lat' dir='ltr'>re</span> <span class='ocrx_word' id='word_1_64' title='bbox 522 1109 637 1177; x_wconf 80' lang='lat' dir='ltr'>uixisse</span> <span class='ocrx_word' id='word_1_65' title='bbox 649 1119 782 1193; x_wconf 89' lang='lat' dir='ltr'>constat,</span> <span class='ocrx_word' id='word_1_66' title='bbox 794 1110 877 1197; x_wconf 91' lang='lat' dir='ltr'>quod</span> <span class='ocrx_word' id='word_1_67' title='bbox 887 1109 920 1175; x_wconf 92' lang='lat' dir='ltr'>in</span> <span class='ocrx_word' id='word_1_68' title='bbox 931 1109 1161 1196; x_wconf 86' lang='lat' dir='ltr'>Xenophonteo</span> <span class='ocrx_word' id='word_1_69' title='bbox 1172 1111 1317 1177; x_wconf 84' lang='lat' dir='ltr'>Convicio</span> 
     </span>
     <span class='ocr_line' id='line_1_9' title="bbox 175 1221 1318 1312; baseline 0.003 -26"><span class='ocrx_word' id='word_1_70' title='bbox 175 1230 308 1288; x_wconf 87' lang='lat' dir='ltr'>testatur</span> <span class='ocrx_word' id='word_1_71' title='bbox 326 1221 470 1290; x_wconf 84' lang='lat' dir='ltr'>Socrates</span> <span class='ocrx_word' id='word_1_72' title='bbox 498 1224 548 1312; x_wconf 85' lang='grc'>(3).</span> <span class='ocrx_word' id='word_1_73' title='bbox 571 1223 726 1310; x_wconf 88' lang='lat' dir='ltr'>Denique,</span> <span class='ocrx_word' id='word_1_74' title='bbox 751 1242 894 1309; x_wconf 82' lang='lat' dir='ltr'>quaeuam</span> <span class='ocrx_word' id='word_1_75' title='bbox 910 1222 1037 1310; x_wconf 90' lang='lat' dir='ltr'>pauperi</span> <span class='ocrx_word' id='word_1_76' title='bbox 1056 1222 1243 1309; x_wconf 93' lang='lat' dir='ltr'>philosopho</span> <span class='ocrx_word' id='word_1_77' title='bbox 1269 1233 1318 1290; x_wconf 88' lang='lat' dir='ltr'>cst</span> 
     </span>
     <span class='ocr_line' id='line_1_10' title="bbox 173 1334 1317 1423; baseline 0.004 -24"><span class='ocrx_word' id='word_1_78' title='bbox 173 1334 262 1420; x_wconf 89' lang='lat' dir='ltr'>eopia</span> <span class='ocrx_word' id='word_1_79' title='bbox 281 1335 417 1420; x_wconf 89' lang='lat' dir='ltr'>vivendi,</span> <span class='ocrx_word' id='word_1_80' title='bbox 435 1337 512 1418; x_wconf 88' lang='lat' dir='ltr'>nisi,</span> <span class='ocrx_word' id='word_1_81' title='bbox 536 1337 706 1404; x_wconf 90' lang='lat' dir='ltr'>constituto</span> <span class='ocrx_word' id='word_1_82' title='bbox 731 1337 844 1423; x_wconf 87' lang='lat' dir='ltr'>pretio,</span> <span class='ocrx_word' id='word_1_83' title='bbox 867 1336 999 1404; x_wconf 76' lang='lat' dir='ltr'>doceat?</span> <span class='ocrx_word' id='word_1_84' title='bbox 1024 1335 1113 1417; x_wconf 80' lang='lat' dir='ltr'>Quod</span> <span class='ocrx_word' id='word_1_85' title='bbox 1130 1355 1205 1403; x_wconf 90' lang='lat' dir='ltr'>sanc</span> <span class='ocrx_word' id='word_1_86' title='bbox 1237 1336 1317 1404; x_wconf 92' lang='lat' dir='ltr'>lihe-</span> 
     </span>
     <span class='ocr_line' id='line_1_11' title="bbox 173 1447 1317 1538; baseline 0.005 -25"><span class='ocrx_word' id='word_1_87' title='bbox 173 1447 238 1514; x_wconf 91' lang='lat' dir='ltr'>rius</span> <span class='ocrx_word' id='word_1_88' title='bbox 256 1460 305 1514; x_wconf 92' lang='lat' dir='ltr'>est</span> <span class='ocrx_word' id='word_1_89' title='bbox 329 1470 423 1536; x_wconf 90' lang='lat' dir='ltr'>quam</span> <span class='ocrx_word' id='word_1_90' title='bbox 452 1450 477 1518; x_wconf 93' lang='lat' dir='ltr'>si</span> <span class='ocrx_word' id='word_1_91' title='bbox 507 1451 577 1538; x_wconf 86' lang='lat' dir='ltr'>quis</span> <span class='ocrx_word' id='word_1_92' title='bbox 601 1450 695 1517; x_wconf 91' lang='lat' dir='ltr'>ditior</span> <span class='ocrx_word' id='word_1_93' title='bbox 720 1451 926 1538; x_wconf 91' lang='lat' dir='ltr'>philosophus</span> <span class='ocrx_word' id='word_1_94' title='bbox 948 1449 1016 1537; x_wconf 88' lang='lat' dir='ltr'>ejus</span> <span class='ocrx_word' id='word_1_95' title='bbox 1045 1448 1115 1517; x_wconf 89' lang='lat' dir='ltr'>cibo</span> <span class='ocrx_word' id='word_1_96' title='bbox 1142 1450 1317 1536; x_wconf 85' lang='lat' dir='ltr'>ceterisque</span> 
     </span>
     <span class='ocr_line' id='line_1_12' title="bbox 173 1560 1317 1650; baseline 0.003 -24"><span class='ocrx_word' id='word_1_97' title='bbox 173 1560 267 1628; x_wconf 92' lang='lat' dir='ltr'>rebus</span> <span class='ocrx_word' id='word_1_98' title='bbox 275 1561 403 1648; x_wconf 88' lang='lat' dir='ltr'>juvandi</span> <span class='ocrx_word' id='word_1_99' title='bbox 420 1563 611 1650; x_wconf 88' lang='lat' dir='ltr'>provinciam</span> <span class='ocrx_word' id='word_1_100' title='bbox 632 1564 805 1650; x_wconf 81' lang='lat' dir='ltr'>susceperit</span> <span class='ocrx_word' id='word_1_101' title='bbox 820 1592 827 1631; x_wconf 74' lang='grc' dir='ltr'><strong><em>ι</em></strong></span> <span class='ocrx_word' id='word_1_102' title='bbox 840 1583 975 1649; x_wconf 83' lang='lat' dir='ltr'>namque</span> <span class='ocrx_word' id='word_1_103' title='bbox 988 1563 1048 1631; x_wconf 89' lang='lat' dir='ltr'>iste</span> <span class='ocrx_word' id='word_1_104' title='bbox 1068 1563 1317 1630; x_wconf 86' lang='lat' dir='ltr'>necessariorum</span> 
     </span>
     <span class='ocr_line' id='line_1_13' title="bbox 172 1674 1317 1763; baseline 0.003 -25"><span class='ocrx_word' id='word_1_105' title='bbox 172 1674 324 1760; x_wconf 84' lang='lat' dir='ltr'>provisor,</span> <span class='ocrx_word' id='word_1_106' title='bbox 341 1675 454 1762; x_wconf 85' lang='lat' dir='ltr'>saepius</span> <span class='ocrx_word' id='word_1_107' title='bbox 474 1677 566 1743; x_wconf 88' lang='lat' dir='ltr'>officii</span> <span class='ocrx_word' id='word_1_108' title='bbox 586 1676 634 1744; x_wconf 92' lang='lat' dir='ltr'>sui</span> <span class='ocrx_word' id='word_1_109' title='bbox 657 1676 785 1759; x_wconf 91' lang='lat' dir='ltr'>oblitus,</span> <span class='ocrx_word' id='word_1_110' title='bbox 801 1686 967 1743; x_wconf 88' lang='lat' dir='ltr'>moneatur</span> <span class='ocrx_word' id='word_1_111' title='bbox 988 1686 1123 1763; x_wconf 88' lang='lat' dir='ltr'>oportet,</span> <span class='ocrx_word' id='word_1_112' title='bbox 1137 1676 1261 1759; x_wconf 90' lang='lat' dir='ltr'>lumini,</span> <span class='ocrx_word' id='word_1_113' title='bbox 1276 1697 1317 1742; x_wconf 90' lang='lat' dir='ltr'>ne</span> 
     </span>
     <span class='ocr_line' id='line_1_14' title="bbox 171 1787 1315 1877; baseline 0.005 -26"><span class='ocrx_word' id='word_1_114' title='bbox 171 1787 389 1873; x_wconf 82' lang='lat' dir='ltr'>extinguatur,</span> <span class='ocrx_word' id='word_1_115' title='bbox 407 1789 622 1857; x_wconf 88' lang='lat' dir='ltr'>instillandum</span> <span class='ocrx_word' id='word_1_116' title='bbox 632 1810 702 1858; x_wconf 89' lang='lat' dir='ltr'>esse</span> <span class='ocrx_word' id='word_1_117' title='bbox 712 1790 818 1857; x_wconf 93' lang='lat' dir='ltr'>oleum</span> <span class='ocrx_word' id='word_1_118' title='bbox 832 1790 891 1872; x_wconf 77' lang='lat' dir='ltr'>(l).</span> <span class='ocrx_word' id='word_1_119' title='bbox 912 1789 992 1856; x_wconf 90' lang='lat' dir='ltr'>Num</span> <span class='ocrx_word' id='word_1_120' title='bbox 1012 1790 1115 1875; x_wconf 91' lang='lat' dir='ltr'>potius</span> <span class='ocrx_word' id='word_1_121' title='bbox 1128 1789 1315 1877; x_wconf 81' lang='lat' dir='ltr'>digniusque</span> 
     </span>
     <span class='ocr_line' id='line_1_15' title="bbox 174 1898 1312 1989; baseline 0.004 -24"><span class='ocrx_word' id='word_1_122' title='bbox 174 1898 370 1988; x_wconf 84' lang='lat' dir='ltr'>philosophia</span> <span class='ocrx_word' id='word_1_123' title='bbox 382 1902 503 1970; x_wconf 91' lang='lat' dir='ltr'>videtur</span> <span class='ocrx_word' id='word_1_124' title='bbox 516 1903 555 1970; x_wconf 91' lang='lat' dir='ltr'>ad</span> <span class='ocrx_word' id='word_1_125' title='bbox 569 1913 711 1989; x_wconf 86' lang='lat' dir='ltr'>puteum,</span> <span class='ocrx_word' id='word_1_126' title='bbox 725 1914 760 1969; x_wconf 91' lang='lat' dir='ltr'>ut</span> <span class='ocrx_word' id='word_1_127' title='bbox 771 1901 938 1970; x_wconf 84' lang='lat' dir='ltr'>Cleanthes</span> <span class='ocrx_word' id='word_1_128' title='bbox 953 1901 1072 1986; x_wconf 60' lang='lat' dir='ltr'>(dham</span> <span class='ocrx_word' id='word_1_129' title='bbox 1084 1903 1118 1968; x_wconf 94' lang='lat' dir='ltr'>in</span> <span class='ocrx_word' id='word_1_130' title='bbox 1133 1903 1312 1989; x_wconf 87' lang='lat' dir='ltr'>pistrinum,</span> 
     </span>
     <span class='ocr_line' id='line_1_16' title="bbox 175 2009 1315 2103; baseline 0.003 -23"><span class='ocrx_word' id='word_1_131' title='bbox 175 2024 210 2081; x_wconf 93' lang='lat' dir='ltr'>ut</span> <span class='ocrx_word' id='word_1_132' title='bbox 220 2009 494 2100; x_wconf 77' lang='lat' dir='ltr'>hleuedcmusllll,</span> <span class='ocrx_word' id='word_1_133' title='bbox 511 2016 725 2085; x_wconf 74' lang='lat' dir='ltr'>descendere?</span> <span class='ocrx_word' id='word_1_134' title='bbox 743 2015 824 2097; x_wconf 82' lang='lat' dir='ltr'>Quid</span> <span class='ocrx_word' id='word_1_135' title='bbox 840 2016 948 2103; x_wconf 79' lang='lat' dir='ltr'>plural</span> <span class='ocrx_word' id='word_1_136' title='bbox 959 2017 998 2083; x_wconf 90' lang='lat' dir='ltr'>Et</span> <span class='ocrx_word' id='word_1_137' title='bbox 1010 2015 1144 2098; x_wconf 91' lang='lat' dir='ltr'>Socrati,</span> <span class='ocrx_word' id='word_1_138' title='bbox 1159 2016 1234 2083; x_wconf 88' lang='lat' dir='ltr'>licet</span> <span class='ocrx_word' id='word_1_139' title='bbox 1247 2017 1315 2103; x_wconf 88' lang='lat' dir='ltr'>ejus</span> 
     </span>
     <span class='ocr_line' id='line_1_17' title="bbox 170 2127 1314 2216; baseline 0.001 -23"><span class='ocrx_word' id='word_1_140' title='bbox 170 2147 278 2194; x_wconf 89' lang='lat' dir='ltr'>curam</span> <span class='ocrx_word' id='word_1_141' title='bbox 294 2128 374 2196; x_wconf 90' lang='lat' dir='ltr'>hene</span> <span class='ocrx_word' id='word_1_142' title='bbox 401 2129 503 2216; x_wconf 83' lang='lat' dir='ltr'>egisse</span> <span class='ocrx_word' id='word_1_143' title='bbox 525 2128 639 2196; x_wconf 91' lang='lat' dir='ltr'>dicitur</span> <span class='ocrx_word' id='word_1_144' title='bbox 660 2128 763 2212; x_wconf 84' lang='lat' dir='ltr'>Crito,</span> <span class='ocrx_word' id='word_1_145' title='bbox 790 2148 853 2195; x_wconf 91' lang='lat' dir='ltr'>nou</span> <span class='ocrx_word' id='word_1_146' title='bbox 877 2127 917 2194; x_wconf 89' lang='lat' dir='ltr'>ah</span> <span class='ocrx_word' id='word_1_147' title='bbox 933 2128 1216 2195; x_wconf 78' lang='lat' dir='ltr'>uno-illoNolriunt</span> <span class='ocrx_word' id='word_1_148' title='bbox 1229 2128 1314 2194; x_wconf 90' lang='lat' dir='ltr'>deri-</span> 
     </span>
     <span class='ocr_line' id='line_1_18' title="bbox 170 2243 1310 2330; baseline 0.002 -22"><span class='ocrx_word' id='word_1_149' title='bbox 170 2260 241 2308; x_wconf 89' lang='lat' dir='ltr'>sore</span> <span class='ocrx_word' id='word_1_150' title='bbox 254 2243 291 2324; x_wconf 81' lang='grc'>(7)</span> <span class='ocrx_word' id='word_1_151' title='bbox 314 2243 431 2310; x_wconf 89' lang='lat' dir='ltr'>multos</span> <span class='ocrx_word' id='word_1_152' title='bbox 452 2263 584 2310; x_wconf 89' lang='lat' dir='ltr'>munera</span> <span class='ocrx_word' id='word_1_153' title='bbox 603 2244 702 2310; x_wconf 86' lang='lat' dir='ltr'>multa</span> <span class='ocrx_word' id='word_1_154' title='bbox 720 2243 890 2330; x_wconf 90' lang='lat' dir='ltr'>discipulos</span> <span class='ocrx_word' id='word_1_155' title='bbox 905 2243 940 2326; x_wconf 83' lang='lat'>(8)</span> <span class='ocrx_word' id='word_1_156' title='bbox 960 2243 1111 2311; x_wconf 89' lang='lat' dir='ltr'>obtulisse</span> <span class='ocrx_word' id='word_1_157' title='bbox 1131 2243 1310 2311; x_wconf 76' lang='lat' dir='ltr'>didicimus.</span> 
     </span>
     <span class='ocr_line' id='line_1_19' title="bbox 169 2353 1307 2443; baseline 0.002 -23"><span class='ocrx_word' id='word_1_158' title='bbox 169 2353 369 2442; x_wconf 64' lang='lat' dir='ltr'>Quapropter,</span> <span class='ocrx_word' id='word_1_159' title='bbox 379 2355 531 2422; x_wconf 87' lang='lat' dir='ltr'>affirmare</span> <span class='ocrx_word' id='word_1_160' title='bbox 547 2355 674 2442; x_wconf 90' lang='lat' dir='ltr'>quidam</span> <span class='ocrx_word' id='word_1_161' title='bbox 687 2366 815 2442; x_wconf 90' lang='lat' dir='ltr'>potuero</span> <span class='ocrx_word' id='word_1_162' title='bbox 835 2357 1015 2440; x_wconf 91' lang='lat' dir='ltr'>Platonem,</span> <span class='ocrx_word' id='word_1_163' title='bbox 1032 2356 1084 2443; x_wconf 94' lang='lat' dir='ltr'>qui</span> <span class='ocrx_word' id='word_1_164' title='bbox 1107 2356 1195 2423; x_wconf 92' lang='lat' dir='ltr'>dives</span> <span class='ocrx_word' id='word_1_165' title='bbox 1216 2367 1307 2437; x_wconf 89' lang='lat' dir='ltr'>erat,</span> 
     </span>
     <span class='ocr_line' id='line_1_20' title="bbox 169 2466 1311 2555; baseline 0.002 -22"><span class='ocrx_word' id='word_1_166' title='bbox 169 2467 306 2553; x_wconf 90' lang='lat' dir='ltr'>primum</span> <span class='ocrx_word' id='word_1_167' title='bbox 319 2466 416 2554; x_wconf 86' lang='lat' dir='ltr'>gratis</span> <span class='ocrx_word' id='word_1_168' title='bbox 433 2466 588 2535; x_wconf 89' lang='lat' dir='ltr'>docuisse.</span> <span class='ocrx_word' id='word_1_169' title='bbox 615 2468 765 2535; x_wconf 92' lang='lat' dir='ltr'>Prodicus</span> <span class='ocrx_word' id='word_1_170' title='bbox 789 2475 915 2553; x_wconf 82' lang='lat' dir='ltr'>autem,</span> <span class='ocrx_word' id='word_1_171' title='bbox 932 2470 1074 2555; x_wconf 86' lang='lat' dir='ltr'>quamuis</span> <span class='ocrx_word' id='word_1_172' title='bbox 1096 2469 1202 2555; x_wconf 90' lang='lat' dir='ltr'>inopia</span> <span class='ocrx_word' id='word_1_173' title='bbox 1228 2489 1311 2555; x_wconf 90' lang='lat' dir='ltr'>saepe</span> 
     </span>
     <span class='ocr_line' id='line_1_21' title="bbox 170 2579 1310 2669; baseline 0.003 -25"><span class='ocrx_word' id='word_1_174' title='bbox 170 2579 345 2657; x_wconf 84' lang='lat' dir='ltr'>laboraret,</span> <span class='ocrx_word' id='word_1_175' title='bbox 363 2579 448 2647; x_wconf 90' lang='lat' dir='ltr'>haud</span> <span class='ocrx_word' id='word_1_176' title='bbox 467 2582 567 2648; x_wconf 87' lang='lat' dir='ltr'>multo</span> <span class='ocrx_word' id='word_1_177' title='bbox 581 2580 703 2648; x_wconf 93' lang='lat' dir='ltr'>minore</span> <span class='ocrx_word' id='word_1_178' title='bbox 717 2601 790 2669; x_wconf 89' lang='lat' dir='ltr'>erga</span> <span class='ocrx_word' id='word_1_179' title='bbox 803 2579 944 2648; x_wconf 90' lang='lat' dir='ltr'>discendi</span> <span class='ocrx_word' id='word_1_180' title='bbox 966 2581 1097 2667; x_wconf 91' lang='lat' dir='ltr'>cupidos</span> <span class='ocrx_word' id='word_1_181' title='bbox 1115 2579 1310 2666; x_wconf 88' lang='lat' dir='ltr'>benignitate</span> 
     </span>
     <span class='ocr_line' id='line_1_22' title="bbox 170 2688 1309 2782; baseline -0.001 -22"><span class='ocrx_word' id='word_1_182' title='bbox 170 2704 327 2778; x_wconf 88' lang='lat' dir='ltr'>ususest,</span> <span class='ocrx_word' id='word_1_183' title='bbox 356 2704 464 2780; x_wconf 89' lang='lat' dir='ltr'>utpote</span> <span class='ocrx_word' id='word_1_184' title='bbox 476 2688 537 2782; x_wconf 66' lang='lat' dir='ltr'>&#39;qui</span> <span class='ocrx_word' id='word_1_185' title='bbox 557 2714 638 2781; x_wconf 73' lang='lat' dir='ltr'>saepe</span> <span class='ocrx_word' id='word_1_186' title='bbox 657 2693 820 2762; x_wconf 89' lang='lat' dir='ltr'>minimam</span> <span class='ocrx_word' id='word_1_187' title='bbox 847 2703 964 2782; x_wconf 87' lang='lat' dir='ltr'>(unam</span> <span class='ocrx_word' id='word_1_188' title='bbox 986 2695 1185 2778; x_wconf 83' lang='lat' dir='ltr'>drachmam,</span> <span class='ocrx_word' id='word_1_189' title='bbox 1203 2695 1309 2776; x_wconf 86' lang='lat' dir='ltr'>aiunt,</span> 
     </span>
    </p>
   </div>
   <div class='ocr_carea' id='block_1_3' title="bbox 119 2963 1328 3971">
    <p class='ocr_par' dir='ltr' id='par_1_3' title="bbox 155 2963 1328 3056">
     <span class='ocr_line' id='line_1_23' title="bbox 155 2963 1328 3056; baseline -0.001 -17"><span class='ocrx_word' id='word_1_190' title='bbox 155 2982 278 3041; x_wconf 74' lang='lat' dir='ltr'>sihilem.</span> <span class='ocrx_word' id='word_1_191' title='bbox 299 2988 363 3042; x_wconf 83' lang='lat' dir='ltr'>Nam</span> <span class='ocrx_word' id='word_1_192' title='bbox 381 2985 509 3043; x_wconf 79' lang='lat' dir='ltr'>custodia</span> <span class='ocrx_word' id='word_1_193' title='bbox 521 3001 580 3056; x_wconf 82' lang='lat' dir='ltr'>qoae</span> <span class='ocrx_word' id='word_1_194' title='bbox 597 2994 702 3054; x_wconf 83' lang='lat' dir='ltr'>sumpto</span> <span class='ocrx_word' id='word_1_195' title='bbox 718 2999 909 3055; x_wconf 85' lang='lat' dir='ltr'>comparemus.</span> <span class='ocrx_word' id='word_1_196' title='bbox 933 2984 1011 3053; x_wconf 83' lang='lat' dir='ltr'>longe</span> <span class='ocrx_word' id='word_1_197' title='bbox 1033 2981 1153 3052; x_wconf 88' lang='lat' dir='ltr'>cupidius</span> <span class='ocrx_word' id='word_1_198' title='bbox 1177 2963 1328 3051; x_wconf 66' lang='lat' dir='ltr'>complec-¹</span> 
     </span>
    </p>

    <p class='ocr_par' dir='ltr' id='par_1_4' title="bbox 119 3083 1306 3254">
     <span class='ocr_line' id='line_1_24' title="bbox 161 3083 1306 3155; baseline -0.003 -18"><span class='ocrx_word' id='word_1_199' title='bbox 161 3083 244 3140; x_wconf 80' lang='lat' dir='ltr'>timor</span> <span class='ocrx_word' id='word_1_200' title='bbox 261 3098 340 3154; x_wconf 84' lang='lat' dir='ltr'>quam</span> <span class='ocrx_word' id='word_1_201' title='bbox 361 3099 420 3155; x_wconf 82' lang='lat' dir='ltr'>quae</span> <span class='ocrx_word' id='word_1_202' title='bbox 435 3086 516 3154; x_wconf 83' lang='lat' dir='ltr'>gratis</span> <span class='ocrx_word' id='word_1_203' title='bbox 537 3083 711 3154; x_wconf 76' lang='lat' dir='ltr'>exsequimur.</span> <span class='ocrx_word' id='word_1_204' title='bbox 741 3103 753 3132; x_wconf 74' lang='lat' dir='ltr'>n</span> <span class='ocrx_word' id='word_1_205' title='bbox 778 3085 856 3148; x_wconf 86' lang='lat' dir='ltr'>Quod</span> <span class='ocrx_word' id='word_1_206' title='bbox 878 3083 968 3152; x_wconf 82' lang='lat' dir='ltr'>quanti</span> <span class='ocrx_word' id='word_1_207' title='bbox 987 3083 1095 3137; x_wconf 81' lang='lat' dir='ltr'>aestimct</span> <span class='ocrx_word' id='word_1_208' title='bbox 1116 3088 1306 3150; x_wconf 82' lang='lat' dir='ltr'>argumentum,</span> 
     </span>
     <span class='ocr_line' id='line_1_25' title="bbox 119 3182 443 3254; baseline -0.003 -15"><span class='ocrx_word' id='word_1_209' title='bbox 119 3210 123 3219; x_wconf 87' lang='lat'>·</span> <span class='ocrx_word' id='word_1_210' title='bbox 164 3182 276 3254; x_wconf 72' lang='lat' dir='ltr'>qouque</span> <span class='ocrx_word' id='word_1_211' title='bbox 288 3184 443 3254; x_wconf 83' lang='lat' dir='ltr'>perpendet.</span> 
     </span>
    </p>

    <p class='ocr_par' dir='ltr' id='par_1_5' title="bbox 165 3262 1306 3449">
     <span class='ocr_line' id='line_1_26' title="bbox 204 3262 1306 3351; baseline -0.005 -13"><span class='ocrx_word' id='word_1_212' title='bbox 204 3281 238 3350; x_wconf 88' lang='grc'>(1)</span> <span class='ocrx_word' id='word_1_213' title='bbox 261 3280 367 3351; x_wconf 86' lang='lat' dir='ltr'>Epicur.</span> <span class='ocrx_word' id='word_1_214' title='bbox 380 3281 469 3351; x_wconf 78' lang='lat' dir='ltr'>Epist.</span> <span class='ocrx_word' id='word_1_215' title='bbox 484 3280 554 3349; x_wconf 88' lang='lat' dir='ltr'>opud</span> <span class='ocrx_word' id='word_1_216' title='bbox 568 3280 661 3336; x_wconf 78' lang='lat' dir='ltr'>Athen.</span> <span class='ocrx_word' id='word_1_217' title='bbox 676 3295 737 3346; x_wconf 87' lang='lat' dir='ltr'>rur,</span> <span class='ocrx_word' id='word_1_218' title='bbox 754 3279 797 3344; x_wconf 80' lang='lat'>50.</span> <span class='ocrx_word' id='word_1_219' title='bbox 815 3290 841 3335; x_wconf 82' lang='lat' dir='ltr'>et</span> <span class='ocrx_word' id='word_1_220' title='bbox 853 3262 929 3349; x_wconf 84' lang='lat' dir='ltr'>Diog.</span> <span class='ocrx_word' id='word_1_221' title='bbox 949 3281 1033 3335; x_wconf 87' lang='lat' dir='ltr'>Loert.</span> <span class='ocrx_word' id='word_1_222' title='bbox 1049 3294 1083 3342; x_wconf 86' lang='lat' dir='ltr'>ur,</span> <span class='ocrx_word' id='word_1_223' title='bbox 1099 3277 1149 3342; x_wconf 81' lang='lat'>533</span> <span class='ocrx_word' id='word_1_224' title='bbox 1164 3276 1306 3334; x_wconf 82' lang='lat' dir='ltr'>hul-Gell.</span> 
     </span>
     <span class='ocr_line' id='line_1_27' title="bbox 165 3377 1249 3449; baseline -0.002 -15"><span class='ocrx_word' id='word_1_225' title='bbox 165 3389 240 3436; x_wconf 84' lang='lat' dir='ltr'>noct.</span> <span class='ocrx_word' id='word_1_226' title='bbox 256 3380 338 3436; x_wconf 82' lang='lat' dir='ltr'>attic.</span> <span class='ocrx_word' id='word_1_227' title='bbox 350 3394 375 3443; x_wconf 83' lang='lat' dir='ltr'>r,</span> <span class='ocrx_word' id='word_1_228' title='bbox 387 3379 419 3444; x_wconf 82' lang='lat'>33</span> <span class='ocrx_word' id='word_1_229' title='bbox 434 3378 506 3434; x_wconf 89' lang='lat' dir='ltr'>Soid.</span> <span class='ocrx_word' id='word_1_230' title='bbox 518 3395 543 3435; x_wconf 89' lang='lat' dir='ltr'>r.</span> <span class='ocrx_word' id='word_1_231' title='bbox 557 3383 724 3449; x_wconf 65' lang='grc' dir='ltr'><em>Πρωταγόρας,</em></span> <span class='ocrx_word' id='word_1_232' title='bbox 739 3379 784 3435; x_wconf 89' lang='lat' dir='ltr'>uhi</span> <span class='ocrx_word' id='word_1_233' title='bbox 797 3378 891 3435; x_wconf 83' lang='lat' dir='ltr'>citatur</span> <span class='ocrx_word' id='word_1_234' title='bbox 905 3377 1036 3446; x_wconf 78' lang='lat' dir='ltr'>Aristoph.</span> <span class='ocrx_word' id='word_1_235' title='bbox 1051 3377 1077 3432; x_wconf 90' lang='lat' dir='ltr'>iu</span> <span class='ocrx_word' id='word_1_236' title='bbox 1093 3379 1249 3432; x_wconf 82' lang='lat' dir='ltr'>Centauro.</span> 
     </span>
    </p>

    <p class='ocr_par' dir='ltr' id='par_1_6' title="bbox 166 3465 1303 3642">
     <span class='ocr_line' id='line_1_28' title="bbox 205 3465 1303 3547; baseline 0.001 -15"><span class='ocrx_word' id='word_1_237' title='bbox 205 3479 240 3546; x_wconf 60' lang='grc' dir='ltr'>(ἓ)</span> <span class='ocrx_word' id='word_1_238' title='bbox 264 3465 373 3543; x_wconf 84' lang='lat' dir='ltr'>Cousln,</span> <span class='ocrx_word' id='word_1_239' title='bbox 394 3481 511 3547; x_wconf 79' lang='lat' dir='ltr'>Fragm.</span> <span class='ocrx_word' id='word_1_240' title='bbox 525 3477 693 3547; x_wconf 73' lang='lat' dir='ltr'>philosoph..</span> <span class='ocrx_word' id='word_1_241' title='bbox 713 3473 1018 3545; x_wconf 74' lang='lat' dir='ltr'>in·18.18o7,p.aoo.</span> <span class='ocrx_word' id='word_1_242' title='bbox 1044 3503 1075 3513; x_wconf 94' lang='lat'><em>-</em></span> <span class='ocrx_word' id='word_1_243' title='bbox 1096 3474 1136 3530; x_wconf 86' lang='lat' dir='ltr'>Cl.</span> <span class='ocrx_word' id='word_1_244' title='bbox 1159 3473 1210 3536; x_wconf 87' lang='lat' dir='ltr'>io..</span> <span class='ocrx_word' id='word_1_245' title='bbox 1225 3473 1303 3533; x_wconf 88' lang='lat' dir='ltr'>ibid..</span> 
     </span>
     <span class='ocr_line' id='line_1_29' title="bbox 166 3570 248 3642; baseline 0.024 -14"><span class='ocrx_word' id='word_1_246' title='bbox 166 3587 192 3642; x_wconf 90' lang='lat' dir='ltr'>p.</span> <span class='ocrx_word' id='word_1_247' title='bbox 204 3570 248 3630; x_wconf 82' lang='lat'>79.</span> 
     </span>
    </p>

    <p class='ocr_par' dir='ltr' id='par_1_7' title="bbox 204 3671 352 3740">
     <span class='ocr_line' id='line_1_30' title="bbox 204 3671 352 3740; baseline 0 -12"><span class='ocrx_word' id='word_1_248' title='bbox 204 3671 238 3740; x_wconf 82' lang='lat'>(3)</span> <span class='ocrx_word' id='word_1_249' title='bbox 261 3687 297 3736; x_wconf 81' lang='lat' dir='ltr'>rr,</span> <span class='ocrx_word' id='word_1_250' title='bbox 308 3673 352 3730; x_wconf 80' lang='lat'>6‘2.</span> 
     </span>
    </p>

    <p class='ocr_par' dir='ltr' id='par_1_8' title="bbox 202 3798 586 3868">
     <span class='ocr_line' id='line_1_31' title="bbox 202 3798 586 3868; baseline -0.013 -12"><span class='ocrx_word' id='word_1_251' title='bbox 202 3798 237 3868; x_wconf 82' lang='grc' dir='ltr'>(ἱι)</span> <span class='ocrx_word' id='word_1_252' title='bbox 260 3798 327 3855; x_wconf 83' lang='lat' dir='ltr'>Plot.</span> <span class='ocrx_word' id='word_1_253' title='bbox 344 3800 394 3855; x_wconf 84' lang='lat' dir='ltr'>vit.</span> <span class='ocrx_word' id='word_1_254' title='bbox 413 3798 516 3853; x_wconf 84' lang='lat' dir='ltr'>Pericl.</span> <span class='ocrx_word' id='word_1_255' title='bbox 533 3811 586 3852; x_wconf 86' lang='lat' dir='ltr'>rvr.</span> 
     </span>
    </p>

    <p class='ocr_par' dir='ltr' id='par_1_9' title="bbox 199 3887 1308 3971">
     <span class='ocr_line' id='line_1_32' title="bbox 199 3887 1308 3971; baseline -0.012 -16"><span class='ocrx_word' id='word_1_256' title='bbox 199 3898 235 3971; x_wconf 82' lang='grc'>(5)</span> <span class='ocrx_word' id='word_1_257' title='bbox 256 3899 336 3967; x_wconf 83' lang='lat' dir='ltr'>Diog.</span> <span class='ocrx_word' id='word_1_258' title='bbox 354 3894 716 3962; x_wconf 82' lang='lat' dir='ltr'>hoert.vrr,168.-Suidos,</span> <span class='ocrx_word' id='word_1_259' title='bbox 732 3894 758 3950; x_wconf 93' lang='lat' dir='ltr'>in</span> <span class='ocrx_word' id='word_1_260' title='bbox 772 3898 903 3965; x_wconf 67' lang='grc' dir='ltr'>φρεάντλης.</span> <span class='ocrx_word' id='word_1_261' title='bbox 922 3892 1008 3948; x_wconf 80' lang='lat' dir='ltr'>-Val</span> <span class='ocrx_word' id='word_1_262' title='bbox 1032 3889 1135 3946; x_wconf 75' lang='lat' dir='ltr'>Maxim.</span> <span class='ocrx_word' id='word_1_263' title='bbox 1151 3902 1219 3952; x_wconf 85' lang='lat' dir='ltr'>uu,</span> <span class='ocrx_word' id='word_1_264' title='bbox 1234 3887 1259 3943; x_wconf 88' lang='lat'>7.</span> <span class='ocrx_word' id='word_1_265' title='bbox 1278 3914 1308 3926; x_wconf 91' lang='lat'>--</span> 
     </span>
    </p>
   </div>
   <div class='ocr_carea' id='block_1_4' title="bbox 161 3995 1141 4168">
    <p class='ocr_par' dir='ltr' id='par_1_10' title="bbox 161 3995 1141 4168">
     <span class='ocr_line' id='line_1_33' title="bbox 161 3995 605 4066; baseline -0.005 -14"><span class='ocrx_word' id='word_1_266' title='bbox 161 3999 254 4053; x_wconf 85' lang='lat' dir='ltr'>senec.</span> <span class='ocrx_word' id='word_1_267' title='bbox 274 3996 449 4066; x_wconf 71' lang='lat' dir='ltr'>Episemou</span> <span class='ocrx_word' id='word_1_268' title='bbox 462 3995 514 4050; x_wconf 83' lang='lat' dir='ltr'>alil.</span> <span class='ocrx_word' id='word_1_269' title='bbox 598 4048 605 4059; x_wconf 72' lang='lat'>.</span> 
     </span>
     <span class='ocr_line' id='line_1_34' title="bbox 198 4083 1141 4168; baseline -0.013 -17"><span class='ocrx_word' id='word_1_270' title='bbox 198 4093 235 4168; x_wconf 85' lang='grc'>(6)</span> <span class='ocrx_word' id='word_1_271' title='bbox 255 4093 368 4164; x_wconf 80' lang='lat' dir='ltr'>Diogen.</span> <span class='ocrx_word' id='word_1_272' title='bbox 385 4108 417 4159; x_wconf 89' lang='lat' dir='ltr'>u,</span> <span class='ocrx_word' id='word_1_273' title='bbox 431 4092 491 4150; x_wconf 78' lang='lat'>131.</span> <span class='ocrx_word' id='word_1_274' title='bbox 506 4120 539 4133; x_wconf 92' lang='lat'>-</span> <span class='ocrx_word' id='word_1_275' title='bbox 558 4090 651 4146; x_wconf 78' lang='lat' dir='ltr'>Athen.</span> <span class='ocrx_word' id='word_1_276' title='bbox 665 4105 701 4154; x_wconf 88' lang='lat' dir='ltr'>ru,</span> <span class='ocrx_word' id='word_1_277' title='bbox 716 4089 778 4148; x_wconf 87' lang='lat'>168.</span> <span class='ocrx_word' id='word_1_278' title='bbox 794 4089 860 4143; x_wconf 82' lang='lat' dir='ltr'>Edit.</span> <span class='ocrx_word' id='word_1_279' title='bbox 882 4086 950 4158; x_wconf 87' lang='lat' dir='ltr'>hips.</span> <span class='ocrx_word' id='word_1_280' title='bbox 966 4083 1051 4152; x_wconf 67' lang='grc' dir='ltr'>ἱππ-18,</span> <span class='ocrx_word' id='word_1_281' title='bbox 1064 4083 1141 4144; x_wconf 65' lang='grc'>18311.</span> 
     </span>
    </p>
   </div>
   <div class='ocr_carea' id='block_1_5' title="bbox 196 4191 745 4373">
    <p class='ocr_par' dir='ltr' id='par_1_11' title="bbox 196 4191 745 4373">
     <span class='ocr_line' id='line_1_35' title="bbox 198 4191 636 4264; baseline -0.009 -13"><span class='ocrx_word' id='word_1_282' title='bbox 198 4194 233 4264; x_wconf 94' lang='grc'>(7)</span> <span class='ocrx_word' id='word_1_283' title='bbox 255 4193 312 4251; x_wconf 84' lang='lat' dir='ltr'>vid.</span> <span class='ocrx_word' id='word_1_284' title='bbox 326 4194 398 4250; x_wconf 76' lang='lat' dir='ltr'>llud.</span> <span class='ocrx_word' id='word_1_285' title='bbox 414 4208 440 4258; x_wconf 86' lang='lat' dir='ltr'>v,</span> <span class='ocrx_word' id='word_1_286' title='bbox 452 4192 522 4251; x_wconf 81' lang='lat' dir='ltr'>llhd</span> <span class='ocrx_word' id='word_1_287' title='bbox 535 4200 561 4248; x_wconf 84' lang='lat' dir='ltr'>et</span> <span class='ocrx_word' id='word_1_288' title='bbox 574 4191 636 4247; x_wconf 86' lang='lat' dir='ltr'>olih.</span> 
     </span>
     <span class='ocr_line' id='line_1_36' title="bbox 196 4290 745 4373; baseline -0.009 -24"><span class='ocrx_word' id='word_1_289' title='bbox 196 4292 233 4373; x_wconf 87' lang='grc'>(8)</span> <span class='ocrx_word' id='word_1_290' title='bbox 253 4295 349 4349; x_wconf 86' lang='lat' dir='ltr'>senec.</span> <span class='ocrx_word' id='word_1_291' title='bbox 365 4292 543 4361; x_wconf 67' lang='lat' dir='ltr'>dehoneste..</span> <span class='ocrx_word' id='word_1_292' title='bbox 560 4306 579 4356; x_wconf 85' lang='lat' dir='ltr'>r,</span> <span class='ocrx_word' id='word_1_293' title='bbox 596 4290 628 4354; x_wconf 76' lang='grc' dir='ltr'>ὃς</span> <span class='ocrx_word' id='word_1_294' title='bbox 640 4304 689 4358; x_wconf 87' lang='lat' dir='ltr'>ur,</span> <span class='ocrx_word' id='word_1_295' title='bbox 702 4290 745 4348; x_wconf 68' lang='lat' dir='ltr'>alr.</span> 
     </span>
    </p>
   </div>
   <div class='ocr_carea' id='block_1_6' title="bbox 0 0 1478 4746">
    <p class='ocr_par' dir='ltr' id='par_1_12' title="bbox 0 0 1478 4746">
     <span class='ocr_line' id='line_1_37' title="bbox 0 0 1478 4746; baseline 0 6"><span class='ocrx_word' id='word_1_296' title='bbox 0 0 1478 4746; x_wconf 95' lang='lat' dir='ltr'> </span> 
     </span>
    </p>
   </div>
  </div>
 </body>
</html>
