<?xml version="1.0" encoding="UTF-8"?>
<!DOCTYPE html PUBLIC "-//W3C//DTD XHTML 1.0 Transitional//EN"
    "http://www.w3.org/TR/xhtml1/DTD/xhtml1-transitional.dtd">
<html xmlns="http://www.w3.org/1999/xhtml" xml:lang="en" lang="en">
 <head>
  <title>
</title>
<meta http-equiv="Content-Type" content="text/html;charset=utf-8" />
  <meta name='ocr-system' content='tesseract 3.04.00' />
  <meta name='ocr-capabilities' content='ocr_page ocr_carea ocr_par ocr_line ocrx_word'/>
</head>
<body>
  <div class='ocr_page' id='page_1' title='image "./deprodicoceioso01couggoog_0020.png"; bbox 0 0 2946 4746; ppageno 0'>
   <div class='ocr_carea' id='block_1_1' title="bbox 653 318 809 372">
    <p class='ocr_par' dir='ltr' id='par_1_1' title="bbox 653 318 809 372">
     <span class='ocr_line' id='line_1_1' title="bbox 653 318 809 372; baseline -0.019 -14"><span class='ocrx_word' id='word_1_1' title='bbox 653 318 809 372; x_wconf 60' lang='lat'>..15-</span> 
     </span>
    </p>
   </div>
   <div class='ocr_carea' id='block_1_2' title="bbox 157 434 1307 766">
    <p class='ocr_par' dir='ltr' id='par_1_2' title="bbox 157 434 1307 766">
     <span class='ocr_line' id='line_1_2' title="bbox 157 434 1305 536; baseline -0.01 -20"><span class='ocrx_word' id='word_1_2' title='bbox 157 450 260 536; x_wconf 83' lang='lat' dir='ltr'>effingi</span> <span class='ocrx_word' id='word_1_3' title='bbox 277 467 371 535; x_wconf 88' lang='lat' dir='ltr'>quam</span> <span class='ocrx_word' id='word_1_4' title='bbox 390 466 487 512; x_wconf 95' lang='lat' dir='ltr'>unum</span> <span class='ocrx_word' id='word_1_5' title='bbox 508 465 544 510; x_wconf 90' lang='lat' dir='ltr'>ex</span> <span class='ocrx_word' id='word_1_6' title='bbox 561 444 723 531; x_wconf 78' lang='lat' dir='ltr'>precipuis</span> <span class='ocrx_word' id='word_1_7' title='bbox 734 442 945 528; x_wconf 80' lang='lat' dir='ltr'><strong>sophistarum</strong></span> <span class='ocrx_word' id='word_1_8' title='bbox 961 439 1145 527; x_wconf 81' lang='lat' dir='ltr'>discipulis,</span> <span class='ocrx_word' id='word_1_9' title='bbox 1163 438 1215 526; x_wconf 95' lang='lat' dir='ltr'>qui</span> <span class='ocrx_word' id='word_1_10' title='bbox 1231 434 1305 505; x_wconf 81' lang='lat' dir='ltr'>ado-</span> 
     </span>
     <span class='ocr_line' id='line_1_3' title="bbox 171 553 1305 647; baseline -0.01 -17"><span class='ocrx_word' id='word_1_11' title='bbox 171 563 351 633; x_wconf 89' lang='lat' dir='ltr'>escentibus</span> <span class='ocrx_word' id='word_1_12' title='bbox 369 561 505 647; x_wconf 89' lang='lat' dir='ltr'>quodam</span> <span class='ocrx_word' id='word_1_13' title='bbox 531 558 688 626; x_wconf 89' lang='lat' dir='ltr'>consortio</span> <span class='ocrx_word' id='word_1_14' title='bbox 707 557 765 622; x_wconf 87' lang='lat' dir='ltr'>sihi</span> <span class='ocrx_word' id='word_1_15' title='bbox 791 555 944 622; x_wconf 79' lang='lat' dir='ltr'>devinctis</span> <span class='ocrx_word' id='word_1_16' title='bbox 960 553 1111 642; x_wconf 92' lang='lat' dir='ltr'>quidquid</span> <span class='ocrx_word' id='word_1_17' title='bbox 1138 554 1238 640; x_wconf 89' lang='lat' dir='ltr'>placet</span> <span class='ocrx_word' id='word_1_18' title='bbox 1262 554 1305 620; x_wconf 91' lang='lat' dir='ltr'>ita</span> 
     </span>
     <span class='ocr_line' id='line_1_4' title="bbox 160 667 1307 766; baseline -0.011 -21"><span class='ocrx_word' id='word_1_19' title='bbox 160 676 327 766; x_wconf 78' lang='lat' dir='ltr'>persuadet</span> <span class='ocrx_word' id='word_1_20' title='bbox 341 673 386 754; x_wconf 91' lang='lat' dir='ltr'>(id</span> <span class='ocrx_word' id='word_1_21' title='bbox 398 674 517 740; x_wconf 90' lang='lat' dir='ltr'>scilicet</span> <span class='ocrx_word' id='word_1_22' title='bbox 533 673 597 738; x_wconf 85' lang='lat' dir='ltr'>sere</span> <span class='ocrx_word' id='word_1_23' title='bbox 611 682 701 738; x_wconf 92' lang='lat' dir='ltr'>sonat</span> <span class='ocrx_word' id='word_1_24' title='bbox 715 670 851 751; x_wconf 85' lang='lat' dir='ltr'>nomen)</span> <span class='ocrx_word' id='word_1_25' title='bbox 867 680 902 737; x_wconf 95' lang='lat' dir='ltr'>ut</span> <span class='ocrx_word' id='word_1_26' title='bbox 917 668 1045 735; x_wconf 91' lang='lat' dir='ltr'>tandem</span> <span class='ocrx_word' id='word_1_27' title='bbox 1060 687 1168 734; x_wconf 91' lang='lat' dir='ltr'>eorum</span> <span class='ocrx_word' id='word_1_28' title='bbox 1183 667 1307 733; x_wconf 79' lang='lat' dir='ltr'>auxiliis</span> 
     </span>
    </p>
   </div>
   <div class='ocr_carea' id='block_1_3' title="bbox 162 780 1400 867">
    <p class='ocr_par' dir='ltr' id='par_1_3' title="bbox 162 780 1400 867">
     <span class='ocr_line' id='line_1_5' title="bbox 162 780 1400 867; baseline -0.011 -10"><span class='ocrx_word' id='word_1_29' title='bbox 162 793 411 858; x_wconf 75' lang='lat' dir='ltr'>dominationem</span> <span class='ocrx_word' id='word_1_30' title='bbox 434 787 467 852; x_wconf 96' lang='lat' dir='ltr'>in</span> <span class='ocrx_word' id='word_1_31' title='bbox 495 784 731 852; x_wconf 77' lang='lat' dir='ltr'>matrimonium</span> <span class='ocrx_word' id='word_1_32' title='bbox 758 782 864 849; x_wconf 89' lang='lat' dir='ltr'>ducat.</span> <span class='ocrx_word' id='word_1_33' title='bbox 883 781 973 863; x_wconf 80' lang='lat' dir='ltr'>Quod</span> <span class='ocrx_word' id='word_1_34' title='bbox 996 780 1123 867; x_wconf 90' lang='lat' dir='ltr'>quidem</span> <span class='ocrx_word' id='word_1_35' title='bbox 1146 791 1179 847; x_wconf 88' lang='lat' dir='ltr'>et</span> <span class='ocrx_word' id='word_1_36' title='bbox 1193 781 1305 847; x_wconf 82' lang='lat' dir='ltr'>Pericli</span> <span class='ocrx_word' id='word_1_37' title='bbox 1398 786 1400 790; x_wconf 84' lang='lat'>&#39;</span> 
     </span>
    </p>
   </div>
   <div class='ocr_carea' id='block_1_4' title="bbox 160 898 1392 3486">
    <p class='ocr_par' dir='ltr' id='par_1_4' title="bbox 160 898 1392 3486">
     <span class='ocr_line' id='line_1_6' title="bbox 163 898 1307 999; baseline -0.009 -27"><span class='ocrx_word' id='word_1_38' title='bbox 163 906 316 993; x_wconf 91' lang='lat' dir='ltr'>primum,</span> <span class='ocrx_word' id='word_1_39' title='bbox 344 914 377 970; x_wconf 91' lang='lat' dir='ltr'>et</span> <span class='ocrx_word' id='word_1_40' title='bbox 401 901 515 968; x_wconf 90' lang='lat' dir='ltr'>deinde</span> <span class='ocrx_word' id='word_1_41' title='bbox 543 898 726 981; x_wconf 80' lang='lat' dir='ltr'>Aristoteli,</span> <span class='ocrx_word' id='word_1_42' title='bbox 749 898 789 964; x_wconf 94' lang='lat' dir='ltr'>de</span> <span class='ocrx_word' id='word_1_43' title='bbox 813 917 876 983; x_wconf 94' lang='lat' dir='ltr'>quo</span> <span class='ocrx_word' id='word_1_44' title='bbox 902 915 995 982; x_wconf 88' lang='lat' dir='ltr'>supra</span> <span class='ocrx_word' id='word_1_45' title='bbox 1019 905 1246 977; x_wconf 86' lang='lat' dir='ltr'>memoratum,</span> <span class='ocrx_word' id='word_1_46' title='bbox 1275 906 1307 999; x_wconf 85' lang='lat' dir='ltr'>et</span> 
     </span>
     <span class='ocr_line' id='line_1_7' title="bbox 165 1007 1306 1098; baseline -0.011 -13"><span class='ocrx_word' id='word_1_47' title='bbox 165 1017 351 1084; x_wconf 86' lang='lat' dir='ltr'>Therameni</span> <span class='ocrx_word' id='word_1_48' title='bbox 379 1014 498 1082; x_wconf 85' lang='lat' dir='ltr'>Ceioet</span> <span class='ocrx_word' id='word_1_49' title='bbox 511 1012 613 1080; x_wconf 69' lang='lat' dir='ltr'>Critiae</span> <span class='ocrx_word' id='word_1_50' title='bbox 638 1011 864 1098; x_wconf 85' lang='lat' dir='ltr'>permultisque</span> <span class='ocrx_word' id='word_1_51' title='bbox 879 1008 1012 1095; x_wconf 82' lang='lat' dir='ltr'>contigit</span> <span class='ocrx_word' id='word_1_52' title='bbox 1031 1009 1078 1095; x_wconf 84' lang='lat' dir='ltr'>(i)</span> <span class='ocrx_word' id='word_1_53' title='bbox 1100 1008 1190 1091; x_wconf 88' lang='lat' dir='ltr'>aliis,</span> <span class='ocrx_word' id='word_1_54' title='bbox 1215 1007 1306 1074; x_wconf 92' lang='lat' dir='ltr'>sicut¹</span> 
     </span>
     <span class='ocr_line' id='line_1_8' title="bbox 164 1121 1309 1231; baseline -0.007 -33"><span class='ocrx_word' id='word_1_55' title='bbox 164 1138 368 1219; x_wconf 87' lang='lat' dir='ltr'>praesenserat</span> <span class='ocrx_word' id='word_1_56' title='bbox 380 1130 427 1196; x_wconf 90' lang='lat' dir='ltr'>vir</span> <span class='ocrx_word' id='word_1_57' title='bbox 441 1129 500 1195; x_wconf 89' lang='lat' dir='ltr'>iste</span> <span class='ocrx_word' id='word_1_58' title='bbox 516 1126 673 1214; x_wconf 87' lang='lat' dir='ltr'>popularis</span> <span class='ocrx_word' id='word_1_59' title='bbox 687 1126 807 1213; x_wconf 81' lang='lat' dir='ltr'>Anytus</span> <span class='ocrx_word' id='word_1_60' title='bbox 830 1143 925 1210; x_wconf 91' lang='lat' dir='ltr'>quem</span> <span class='ocrx_word' id='word_1_61' title='bbox 949 1133 1034 1191; x_wconf 91' lang='lat' dir='ltr'>tanta</span> <span class='ocrx_word' id='word_1_62' title='bbox 1051 1122 1098 1231; x_wconf 79' lang='lat' dir='ltr'>ira</span> <span class='ocrx_word' id='word_1_63' title='bbox 1119 1122 1152 1187; x_wconf 92' lang='lat' dir='ltr'>in</span> <span class='ocrx_word' id='word_1_64' title='bbox 1168 1121 1309 1208; x_wconf 91' lang='lat' dir='ltr'>philoso-</span> 
     </span>
     <span class='ocr_line' id='line_1_9' title="bbox 164 1236 1305 1333; baseline -0.008 -22"><span class='ocrx_word' id='word_1_65' title='bbox 164 1247 243 1333; x_wconf 92' lang='lat' dir='ltr'>phos</span> <span class='ocrx_word' id='word_1_66' title='bbox 258 1265 370 1312; x_wconf 89' lang='lat' dir='ltr'>omnes</span> <span class='ocrx_word' id='word_1_67' title='bbox 384 1254 537 1310; x_wconf 90' lang='lat' dir='ltr'>eteorum</span> <span class='ocrx_word' id='word_1_68' title='bbox 553 1240 722 1326; x_wconf 90' lang='lat' dir='ltr'>discipulos</span> <span class='ocrx_word' id='word_1_69' title='bbox 747 1240 780 1305; x_wconf 94' lang='lat' dir='ltr'>in</span> <span class='ocrx_word' id='word_1_70' title='bbox 803 1236 941 1306; x_wconf 80' lang='lat' dir='ltr'>Menoec</span> <span class='ocrx_word' id='word_1_71' title='bbox 966 1237 1119 1325; x_wconf 90' lang='lat' dir='ltr'>percitum</span> <span class='ocrx_word' id='word_1_72' title='bbox 1145 1236 1305 1313; x_wconf 87' lang='lat' dir='ltr'>videmus,</span> 
     </span>
     <span class='ocr_line' id='line_1_10' title="bbox 166 1349 1392 1445; baseline -0.008 -20"><span class='ocrx_word' id='word_1_73' title='bbox 166 1359 281 1445; x_wconf 91' lang='lat' dir='ltr'>quique</span> <span class='ocrx_word' id='word_1_74' title='bbox 296 1367 405 1444; x_wconf 90' lang='lat' dir='ltr'>postea</span> <span class='ocrx_word' id='word_1_75' title='bbox 419 1374 574 1442; x_wconf 88' lang='lat' dir='ltr'>oppressae</span> <span class='ocrx_word' id='word_1_76' title='bbox 588 1373 606 1419; x_wconf 89' lang='lat' dir='ltr'>a</span> <span class='ocrx_word' id='word_1_77' title='bbox 618 1353 724 1439; x_wconf 92' lang='lat' dir='ltr'>paucis</span> <span class='ocrx_word' id='word_1_78' title='bbox 739 1351 919 1439; x_wconf 87' lang='lat' dir='ltr'>potentibus</span> <span class='ocrx_word' id='word_1_79' title='bbox 932 1350 1112 1437; x_wconf 84' lang='lat' dir='ltr'>reipublicae</span> <span class='ocrx_word' id='word_1_80' title='bbox 1124 1349 1308 1437; x_wconf 89' lang='lat' dir='ltr'>injuriarum</span> <span class='ocrx_word' id='word_1_81' title='bbox 1389 1383 1392 1391; x_wconf 89' lang='lat'>·</span> 
     </span>
     <span class='ocr_line' id='line_1_11' title="bbox 168 1464 1309 1556; baseline -0.008 -18"><span class='ocrx_word' id='word_1_82' title='bbox 168 1492 183 1538; x_wconf 90' lang='lat' dir='ltr'>a</span> <span class='ocrx_word' id='word_1_83' title='bbox 204 1471 331 1538; x_wconf 87' lang='lat' dir='ltr'>Socrate</span> <span class='ocrx_word' id='word_1_84' title='bbox 356 1468 446 1556; x_wconf 92' lang='lat' dir='ltr'>petiit</span> <span class='ocrx_word' id='word_1_85' title='bbox 468 1487 589 1555; x_wconf 76' lang='lat' dir='ltr'>peenas.</span> <span class='ocrx_word' id='word_1_86' title='bbox 611 1465 674 1533; x_wconf 93' lang='lat' dir='ltr'>lsto</span> <span class='ocrx_word' id='word_1_87' title='bbox 696 1466 792 1553; x_wconf 81' lang='lat' dir='ltr'>igitur</span> <span class='ocrx_word' id='word_1_88' title='bbox 815 1465 984 1550; x_wconf 75' lang='lat' dir='ltr'>instigante</span> <span class='ocrx_word' id='word_1_89' title='bbox 999 1465 1204 1547; x_wconf 83' lang='lat' dir='ltr'>Pisthetaero,</span> <span class='ocrx_word' id='word_1_90' title='bbox 1231 1464 1309 1530; x_wconf 93' lang='lat' dir='ltr'>nihil</span> 
     </span>
     <span class='ocr_line' id='line_1_12' title="bbox 168 1578 1307 1668; baseline -0.006 -16"><span class='ocrx_word' id='word_1_91' title='bbox 168 1586 274 1653; x_wconf 91' lang='lat' dir='ltr'>minus</span> <span class='ocrx_word' id='word_1_92' title='bbox 288 1585 349 1652; x_wconf 87' lang='lat' dir='ltr'>sibi</span> <span class='ocrx_word' id='word_1_93' title='bbox 363 1584 473 1651; x_wconf 89' lang='lat' dir='ltr'>volunt</span> <span class='ocrx_word' id='word_1_94' title='bbox 486 1583 569 1648; x_wconf 89' lang='lat' dir='ltr'>Aves</span> <span class='ocrx_word' id='word_1_95' title='bbox 581 1601 674 1668; x_wconf 90' lang='lat' dir='ltr'>quam</span> <span class='ocrx_word' id='word_1_96' title='bbox 685 1591 720 1647; x_wconf 92' lang='lat' dir='ltr'>ut</span> <span class='ocrx_word' id='word_1_97' title='bbox 735 1581 897 1647; x_wconf 88' lang='lat' dir='ltr'>volucrum</span> <span class='ocrx_word' id='word_1_98' title='bbox 914 1580 1000 1665; x_wconf 81' lang='lat' dir='ltr'>genti</span> <span class='ocrx_word' id='word_1_99' title='bbox 1023 1578 1161 1665; x_wconf 90' lang='lat' dir='ltr'>pendere</span> <span class='ocrx_word' id='word_1_100' title='bbox 1175 1579 1307 1665; x_wconf 84' lang='lat' dir='ltr'>vectigal</span> 
     </span>
     <span class='ocr_line' id='line_1_13' title="bbox 168 1692 1312 1782; baseline -0.004 -17"><span class='ocrx_word' id='word_1_101' title='bbox 168 1699 330 1765; x_wconf 88' lang='lat' dir='ltr'>autetiam</span> <span class='ocrx_word' id='word_1_102' title='bbox 343 1697 383 1763; x_wconf 91' lang='lat' dir='ltr'>de</span> <span class='ocrx_word' id='word_1_103' title='bbox 397 1716 495 1782; x_wconf 82' lang='lat' dir='ltr'>regno</span> <span class='ocrx_word' id='word_1_104' title='bbox 513 1694 624 1762; x_wconf 85' lang='lat' dir='ltr'>cedere</span> <span class='ocrx_word' id='word_1_105' title='bbox 644 1693 814 1780; x_wconf 89' lang='lat' dir='ltr'>jubeantur</span> <span class='ocrx_word' id='word_1_106' title='bbox 834 1693 895 1758; x_wconf 79' lang='lat' dir='ltr'>nii.</span> <span class='ocrx_word' id='word_1_107' title='bbox 916 1692 1044 1759; x_wconf 84' lang='lat' dir='ltr'>Eaedem</span> <span class='ocrx_word' id='word_1_108' title='bbox 1065 1703 1173 1760; x_wconf 89' lang='lat' dir='ltr'>contra</span> <span class='ocrx_word' id='word_1_109' title='bbox 1195 1704 1312 1761; x_wconf 91' lang='lat' dir='ltr'>morta-</span> 
     </span>
     <span class='ocr_line' id='line_1_14' title="bbox 168 1807 1312 1900; baseline -0.003 -21"><span class='ocrx_word' id='word_1_110' title='bbox 168 1813 251 1879; x_wconf 91' lang='lat' dir='ltr'>libus</span> <span class='ocrx_word' id='word_1_111' title='bbox 265 1813 452 1900; x_wconf 85' lang='lat' dir='ltr'>pollicentur</span> <span class='ocrx_word' id='word_1_112' title='bbox 476 1830 546 1878; x_wconf 91' lang='lat' dir='ltr'>sese</span> <span class='ocrx_word' id='word_1_113' title='bbox 572 1810 734 1877; x_wconf 82' lang='lat' dir='ltr'>effecturas</span> <span class='ocrx_word' id='word_1_114' title='bbox 754 1819 789 1875; x_wconf 89' lang='lat' dir='ltr'>ut</span> <span class='ocrx_word' id='word_1_115' title='bbox 811 1809 904 1895; x_wconf 89' lang='lat' dir='ltr'>plane</span> <span class='ocrx_word' id='word_1_116' title='bbox 926 1807 1139 1896; x_wconf 87' lang='lat' dir='ltr'>intelligentes</span> <span class='ocrx_word' id='word_1_117' title='bbox 1162 1812 1312 1893; x_wconf 85' lang='lat' dir='ltr'>quidquid</span> 
     </span>
     <span class='ocr_line' id='line_1_15' title="bbox 160 1924 1313 2034; baseline -0.004 -41"><span class='ocrx_word' id='word_1_118' title='bbox 160 1934 224 2034; x_wconf 71' lang='lat' dir='ltr'>fiat</span> <span class='ocrx_word' id='word_1_119' title='bbox 238 1931 272 1992; x_wconf 86' lang='lat' dir='ltr'>io</span> <span class='ocrx_word' id='word_1_120' title='bbox 286 1929 381 2003; x_wconf 78' lang='lat' dir='ltr'>colo,</span> <span class='ocrx_word' id='word_1_121' title='bbox 408 1929 491 1991; x_wconf 86' lang='lat' dir='ltr'>uode</span> <span class='ocrx_word' id='word_1_122' title='bbox 514 1935 585 1990; x_wconf 86' lang='lat' dir='ltr'>ortu</span> <span class='ocrx_word' id='word_1_123' title='bbox 601 1928 663 1989; x_wconf 83' lang='lat' dir='ltr'>sint</span> <span class='ocrx_word' id='word_1_124' title='bbox 683 1927 816 1989; x_wconf 84' lang='lat' dir='ltr'>numina</span> <span class='ocrx_word' id='word_1_125' title='bbox 843 1934 872 1988; x_wconf 89' lang='lat' dir='ltr'>ct</span> <span class='ocrx_word' id='word_1_126' title='bbox 896 1924 1049 2006; x_wconf 70' lang='lat' dir='ltr'>flumina,</span> <span class='ocrx_word' id='word_1_127' title='bbox 1078 1924 1257 2007; x_wconf 78' lang='lat' dir='ltr'>Etcdusquc</span> <span class='ocrx_word' id='word_1_128' title='bbox 1284 1934 1313 1988; x_wconf 84' lang='lat' dir='ltr'>ct</span> 
     </span>
     <span class='ocr_line' id='line_1_16' title="bbox 168 2036 1314 2124; baseline -0.003 -16"><span class='ocrx_word' id='word_1_129' title='bbox 168 2042 284 2116; x_wconf 63' lang='lat' dir='ltr'>druos,</span> <span class='ocrx_word' id='word_1_130' title='bbox 306 2044 379 2124; x_wconf 72' lang='lat' dir='ltr'>jam</span> <span class='ocrx_word' id='word_1_131' title='bbox 397 2042 566 2106; x_wconf 80' lang='lat' dir='ltr'>Prodicum</span> <span class='ocrx_word' id='word_1_132' title='bbox 581 2042 615 2103; x_wconf 87' lang='lat' dir='ltr'>iu</span> <span class='ocrx_word' id='word_1_133' title='bbox 634 2041 755 2103; x_wconf 84' lang='lat' dir='ltr'>malam</span> <span class='ocrx_word' id='word_1_134' title='bbox 776 2058 841 2103; x_wconf 83' lang='lat' dir='ltr'>tem</span> <span class='ocrx_word' id='word_1_135' title='bbox 855 2040 940 2103; x_wconf 83' lang='lat' dir='ltr'>adire</span> <span class='ocrx_word' id='word_1_136' title='bbox 948 2038 1093 2121; x_wconf 79' lang='lat' dir='ltr'>jubeant.</span> <span class='ocrx_word' id='word_1_137' title='bbox 1116 2036 1185 2118; x_wconf 83' lang='lat' dir='ltr'>Quo</span> <span class='ocrx_word' id='word_1_138' title='bbox 1198 2037 1314 2104; x_wconf 87' lang='lat' dir='ltr'>clarius</span> 
     </span>
     <span class='ocr_line' id='line_1_17' title="bbox 170 2150 1313 2239; baseline -0.003 -18"><span class='ocrx_word' id='word_1_139' title='bbox 170 2152 420 2235; x_wconf 79' lang='lat' dir='ltr'>deferreturhic,</span> <span class='ocrx_word' id='word_1_140' title='bbox 434 2162 554 2239; x_wconf 88' lang='lat' dir='ltr'>utpote</span> <span class='ocrx_word' id='word_1_141' title='bbox 569 2151 621 2237; x_wconf 94' lang='lat' dir='ltr'>qui</span> <span class='ocrx_word' id='word_1_142' title='bbox 642 2151 812 2237; x_wconf 73' lang='lat' dir='ltr'>praecipuas</span> <span class='ocrx_word' id='word_1_143' title='bbox 827 2160 949 2217; x_wconf 90' lang='lat' dir='ltr'>teneret</span> <span class='ocrx_word' id='word_1_144' title='bbox 974 2161 1079 2237; x_wconf 90' lang='lat' dir='ltr'>partes</span> <span class='ocrx_word' id='word_1_145' title='bbox 1099 2150 1183 2218; x_wconf 91' lang='lat' dir='ltr'>inter</span> <span class='ocrx_word' id='word_1_146' title='bbox 1205 2151 1313 2237; x_wconf 90' lang='lat' dir='ltr'>perni-</span> 
     </span>
     <span class='ocr_line' id='line_1_18' title="bbox 170 2260 1313 2354; baseline 0.002 -26"><span class='ocrx_word' id='word_1_147' title='bbox 170 2262 272 2329; x_wconf 90' lang='lat' dir='ltr'>ciosos</span> <span class='ocrx_word' id='word_1_148' title='bbox 288 2261 384 2354; x_wconf 63' lang='lat' dir='ltr'>(quod</span> <span class='ocrx_word' id='word_1_149' title='bbox 399 2260 583 2347; x_wconf 87' lang='lat' dir='ltr'>opinabatur</span> <span class='ocrx_word' id='word_1_150' title='bbox 594 2261 723 2347; x_wconf 78' lang='lat' dir='ltr'>vulgus)</span> <span class='ocrx_word' id='word_1_151' title='bbox 740 2262 931 2329; x_wconf 87' lang='lat' dir='ltr'>oecultamm</span> <span class='ocrx_word' id='word_1_152' title='bbox 943 2282 1047 2330; x_wconf 90' lang='lat' dir='ltr'>rerum</span> <span class='ocrx_word' id='word_1_153' title='bbox 1060 2262 1313 2349; x_wconf 80' lang='lat' dir='ltr'>investigatores,</span> 
     </span>
     <span class='ocr_line' id='line_1_19' title="bbox 172 2376 1315 2463; baseline 0.002 -20"><span class='ocrx_word' id='word_1_154' title='bbox 172 2397 330 2463; x_wconf 89' lang='lat' dir='ltr'>vanosque</span> <span class='ocrx_word' id='word_1_155' title='bbox 348 2376 543 2443; x_wconf 89' lang='lat' dir='ltr'>somniorum</span> <span class='ocrx_word' id='word_1_156' title='bbox 557 2385 731 2462; x_wconf 86' lang='lat' dir='ltr'>captatores</span> <span class='ocrx_word' id='word_1_157' title='bbox 754 2376 819 2461; x_wconf 91' lang='lat' dir='ltr'>qui,</span> <span class='ocrx_word' id='word_1_158' title='bbox 836 2387 977 2443; x_wconf 88' lang='lat' dir='ltr'>veterum</span> <span class='ocrx_word' id='word_1_159' title='bbox 1000 2376 1141 2445; x_wconf 90' lang='lat' dir='ltr'>moribus</span> <span class='ocrx_word' id='word_1_160' title='bbox 1164 2377 1315 2463; x_wconf 89' lang='lat' dir='ltr'>paulatim</span> 
     </span>
     <span class='ocr_line' id='line_1_20' title="bbox 173 2488 1316 2574; baseline 0.001 -19"><span class='ocrx_word' id='word_1_161' title='bbox 173 2489 304 2556; x_wconf 90' lang='lat' dir='ltr'>sublatis</span> <span class='ocrx_word' id='word_1_162' title='bbox 316 2544 325 2573; x_wconf 91' lang='lat'>,</span> <span class='ocrx_word' id='word_1_163' title='bbox 339 2490 445 2556; x_wconf 89' lang='lat' dir='ltr'>omnia</span> <span class='ocrx_word' id='word_1_164' title='bbox 456 2488 596 2555; x_wconf 78' lang='lat' dir='ltr'>funditus</span> <span class='ocrx_word' id='word_1_165' title='bbox 612 2488 763 2574; x_wconf 89' lang='lat' dir='ltr'>parabant</span> <span class='ocrx_word' id='word_1_166' title='bbox 778 2488 966 2557; x_wconf 73' lang='lat' dir='ltr'>immutare?</span> <span class='ocrx_word' id='word_1_167' title='bbox 985 2490 1133 2556; x_wconf 85' lang='lat' dir='ltr'>Attamen</span> <span class='ocrx_word' id='word_1_168' title='bbox 1155 2510 1229 2557; x_wconf 91' lang='lat' dir='ltr'>eum</span> <span class='ocrx_word' id='word_1_169' title='bbox 1252 2511 1316 2558; x_wconf 94' lang='lat' dir='ltr'>non</span> 
     </span>
     <span class='ocr_line' id='line_1_21' title="bbox 175 2602 1320 2690; baseline 0.001 -20"><span class='ocrx_word' id='word_1_170' title='bbox 175 2604 284 2671; x_wconf 89' lang='lat' dir='ltr'>eadem</span> <span class='ocrx_word' id='word_1_171' title='bbox 298 2604 442 2671; x_wconf 87' lang='lat' dir='ltr'>libertate</span> <span class='ocrx_word' id='word_1_172' title='bbox 463 2623 523 2689; x_wconf 88' lang='lat' dir='ltr'>qua</span> <span class='ocrx_word' id='word_1_173' title='bbox 545 2602 704 2669; x_wconf 86' lang='lat' dir='ltr'>Socratem</span> <span class='ocrx_word' id='word_1_174' title='bbox 725 2604 861 2687; x_wconf 88' lang='lat' dir='ltr'>notavit,</span> <span class='ocrx_word' id='word_1_175' title='bbox 884 2602 967 2690; x_wconf 92' lang='lat' dir='ltr'>quod</span> <span class='ocrx_word' id='word_1_176' title='bbox 983 2603 1042 2670; x_wconf 89' lang='lat' dir='ltr'>sibi</span> <span class='ocrx_word' id='word_1_177' title='bbox 1068 2623 1199 2690; x_wconf 79' lang='lat' dir='ltr'>magnas</span> <span class='ocrx_word' id='word_1_178' title='bbox 1214 2606 1320 2672; x_wconf 90' lang='lat' dir='ltr'>conci-</span> 
     </span>
     <span class='ocr_line' id='line_1_22' title="bbox 174 2716 1316 2803; baseline 0.002 -22"><span class='ocrx_word' id='word_1_179' title='bbox 174 2717 302 2784; x_wconf 88' lang='lat' dir='ltr'>liaverat</span> <span class='ocrx_word' id='word_1_180' title='bbox 328 2718 497 2800; x_wconf 85' lang='lat' dir='ltr'>amicitias,</span> <span class='ocrx_word' id='word_1_181' title='bbox 523 2716 713 2802; x_wconf 88' lang='lat' dir='ltr'>cavebatque</span> <span class='ocrx_word' id='word_1_182' title='bbox 737 2717 911 2803; x_wconf 84' lang='lat' dir='ltr'>deligenter</span> <span class='ocrx_word' id='word_1_183' title='bbox 932 2737 972 2784; x_wconf 88' lang='lat' dir='ltr'>ne</span> <span class='ocrx_word' id='word_1_184' title='bbox 997 2717 1093 2784; x_wconf 88' lang='lat' dir='ltr'>nimis</span> <span class='ocrx_word' id='word_1_185' title='bbox 1118 2717 1316 2803; x_wconf 90' lang='lat' dir='ltr'>antiquarum</span> 
     </span>
     <span class='ocr_line' id='line_1_23' title="bbox 174 2829 1326 2919; baseline 0.001 -22"><span class='ocrx_word' id='word_1_186' title='bbox 174 2832 280 2918; x_wconf 81' lang='lat' dir='ltr'>legum</span> <span class='ocrx_word' id='word_1_187' title='bbox 294 2843 448 2899; x_wconf 88' lang='lat' dir='ltr'>amatores</span> <span class='ocrx_word' id='word_1_188' title='bbox 462 2831 646 2899; x_wconf 84' lang='lat' dir='ltr'>offenderet.</span> <span class='ocrx_word' id='word_1_189' title='bbox 665 2829 739 2898; x_wconf 89' lang='lat' dir='ltr'>Sed.</span> <span class='ocrx_word' id='word_1_190' title='bbox 750 2830 891 2919; x_wconf 89' lang='lat' dir='ltr'>ejusdem</span> <span class='ocrx_word' id='word_1_191' title='bbox 915 2834 1031 2898; x_wconf 82' lang='lat' dir='ltr'>Auium</span> <span class='ocrx_word' id='word_1_192' title='bbox 1054 2831 1141 2898; x_wconf 93' lang='lat' dir='ltr'>chori</span> <span class='ocrx_word' id='word_1_193' title='bbox 1159 2832 1326 2913; x_wconf 51' lang='lat' dir='ltr'>canticum¹</span> 
     </span>
     <span class='ocr_line' id='line_1_24' title="bbox 174 2945 1317 3033; baseline 0.003 -21"><span class='ocrx_word' id='word_1_194' title='bbox 174 2946 344 3030; x_wconf 87' lang='lat' dir='ltr'>attendite,</span> <span class='ocrx_word' id='word_1_195' title='bbox 361 2966 492 3033; x_wconf 86' lang='lat' dir='ltr'>quoeso,</span> <span class='ocrx_word' id='word_1_196' title='bbox 517 2945 674 3032; x_wconf 90' lang='lat' dir='ltr'>quomodo</span> <span class='ocrx_word' id='word_1_197' title='bbox 690 2946 889 3013; x_wconf 87' lang='lat' dir='ltr'>exordiatur:</span> <span class='ocrx_word' id='word_1_198' title='bbox 906 2965 1012 3013; x_wconf 90' lang='lat' dir='ltr'>noune</span> <span class='ocrx_word' id='word_1_199' title='bbox 1023 2946 1084 3012; x_wconf 91' lang='lat' dir='ltr'>hoc</span> <span class='ocrx_word' id='word_1_200' title='bbox 1097 2945 1214 3032; x_wconf 92' lang='lat' dir='ltr'>putetis</span> <span class='ocrx_word' id='word_1_201' title='bbox 1228 2966 1317 3015; x_wconf 86' lang='lat' dir='ltr'>ema-</span> 
     </span>
     <span class='ocr_line' id='line_1_25' title="bbox 174 3056 1318 3144; baseline 0.003 -20"><span class='ocrx_word' id='word_1_202' title='bbox 174 3078 250 3126; x_wconf 87' lang='lat' dir='ltr'>nare</span> <span class='ocrx_word' id='word_1_203' title='bbox 263 3079 302 3126; x_wconf 88' lang='lat' dir='ltr'>ex</span> <span class='ocrx_word' id='word_1_204' title='bbox 312 3059 381 3126; x_wconf 92' lang='lat' dir='ltr'>istis</span> <span class='ocrx_word' id='word_1_205' title='bbox 390 3059 468 3125; x_wconf 92' lang='lat' dir='ltr'>locis</span> <span class='ocrx_word' id='word_1_206' title='bbox 479 3058 592 3144; x_wconf 86' lang='lat' dir='ltr'>quibus</span> <span class='ocrx_word' id='word_1_207' title='bbox 607 3058 690 3126; x_wconf 90' lang='lat' dir='ltr'>haud</span> <span class='ocrx_word' id='word_1_208' title='bbox 703 3060 801 3126; x_wconf 88' lang='lat' dir='ltr'>semel</span> <span class='ocrx_word' id='word_1_209' title='bbox 816 3059 855 3126; x_wconf 91' lang='lat' dir='ltr'>de</span> <span class='ocrx_word' id='word_1_210' title='bbox 866 3056 937 3125; x_wconf 69' lang='lat' dir='ltr'>rita</span> <span class='ocrx_word' id='word_1_211' title='bbox 950 3060 1095 3125; x_wconf 80' lang='lat' dir='ltr'>humanae</span> <span class='ocrx_word' id='word_1_212' title='bbox 1108 3059 1318 3128; x_wconf 91' lang='lat' dir='ltr'>incommodis</span> 
     </span>
     <span class='ocr_line' id='line_1_26' title="bbox 175 3169 1317 3259; baseline 0.004 -24"><span class='ocrx_word' id='word_1_213' title='bbox 175 3169 552 3258; x_wconf 67' lang='lat' dir='ltr'>dissuadendumque</span> <span class='ocrx_word' id='word_1_214' title='bbox 566 3190 672 3239; x_wconf 92' lang='lat' dir='ltr'>nonne</span> <span class='ocrx_word' id='word_1_215' title='bbox 682 3182 715 3239; x_wconf 93' lang='lat' dir='ltr'>et</span> <span class='ocrx_word' id='word_1_216' title='bbox 728 3171 972 3258; x_wconf 89' lang='lat' dir='ltr'>insequentibus</span> <span class='ocrx_word' id='word_1_217' title='bbox 982 3172 1099 3259; x_wconf 91' lang='lat' dir='ltr'>aliquid</span> <span class='ocrx_word' id='word_1_218' title='bbox 1109 3172 1317 3258; x_wconf 79' lang='lat' dir='ltr'>quaestionum</span> 
     </span>
     <span class='ocr_line' id='line_1_27' title="bbox 177 3281 1319 3372; baseline 0.004 -24"><span class='ocrx_word' id='word_1_219' title='bbox 177 3281 365 3348; x_wconf 87' lang='lat' dir='ltr'>naturalium</span> <span class='ocrx_word' id='word_1_220' title='bbox 391 3283 504 3368; x_wconf 91' lang='lat' dir='ltr'>quibus</span> <span class='ocrx_word' id='word_1_221' title='bbox 530 3285 662 3352; x_wconf 90' lang='lat' dir='ltr'>multam</span> <span class='ocrx_word' id='word_1_222' title='bbox 687 3285 842 3372; x_wconf 91' lang='lat' dir='ltr'>impendit</span> <span class='ocrx_word' id='word_1_223' title='bbox 867 3304 1021 3371; x_wconf 89' lang='lat' dir='ltr'>operam,</span> <span class='ocrx_word' id='word_1_224' title='bbox 1052 3285 1319 3371; x_wconf 76' lang='lat' dir='ltr'>deprehendatis?</span> 
     </span>
     <span class='ocr_line' id='line_1_28' title="bbox 176 3396 1320 3486; baseline 0.004 -24"><span class='ocrx_word' id='word_1_225' title='bbox 176 3397 329 3464; x_wconf 87' lang='lat' dir='ltr'>Praeterea</span> <span class='ocrx_word' id='word_1_226' title='bbox 340 3396 372 3462; x_wconf 92' lang='lat' dir='ltr'>in</span> <span class='ocrx_word' id='word_1_227' title='bbox 393 3400 565 3480; x_wconf 79' lang='lat' dir='ltr'>Toqcuistis</span> <span class='ocrx_word' id='word_1_228' title='bbox 578 3397 662 3465; x_wconf 91' lang='lat' dir='ltr'>haud</span> <span class='ocrx_word' id='word_1_229' title='bbox 677 3398 870 3466; x_wconf 87' lang='lat' dir='ltr'>abstinuerat</span> <span class='ocrx_word' id='word_1_230' title='bbox 887 3399 972 3466; x_wconf 92' lang='lat' dir='ltr'>idem</span> <span class='ocrx_word' id='word_1_231' title='bbox 996 3410 1088 3486; x_wconf 87' lang='lat' dir='ltr'>poeta</span> <span class='ocrx_word' id='word_1_232' title='bbox 1112 3399 1240 3468; x_wconf 91' lang='lat' dir='ltr'>auribus</span> <span class='ocrx_word' id='word_1_233' title='bbox 1264 3420 1320 3486; x_wconf 81' lang='lat' dir='ltr'>po</span> 
     </span>
    </p>
   </div>
   <div class='ocr_carea' id='block_1_5' title="bbox 177 3509 1429 3599">
    <p class='ocr_par' dir='ltr' id='par_1_5' title="bbox 177 3509 1429 3599">
     <span class='ocr_line' id='line_1_29' title="bbox 177 3509 1429 3599; baseline 0.003 -25"><span class='ocrx_word' id='word_1_234' title='bbox 177 3509 265 3595; x_wconf 87' lang='lat' dir='ltr'>puli,</span> <span class='ocrx_word' id='word_1_235' title='bbox 281 3510 450 3596; x_wconf 88' lang='lat' dir='ltr'>quominus</span> <span class='ocrx_word' id='word_1_236' title='bbox 463 3520 629 3577; x_wconf 91' lang='lat' dir='ltr'>testaretur</span> <span class='ocrx_word' id='word_1_237' title='bbox 644 3538 658 3572; x_wconf 83' lang='lat' dir='ltr'>u</span> <span class='ocrx_word' id='word_1_238' title='bbox 671 3514 800 3595; x_wconf 76' lang='lat' dir='ltr'>juvenes</span> <span class='ocrx_word' id='word_1_239' title='bbox 819 3515 1175 3596; x_wconf 59' lang='lat' dir='ltr'>epicoenomena,</span> <span class='ocrx_word' id='word_1_240' title='bbox 1195 3539 1210 3573; x_wconf 78' lang='lat' dir='ltr'>a</span> <span class='ocrx_word' id='word_1_241' title='bbox 1226 3512 1318 3599; x_wconf 91' lang='lat' dir='ltr'>eique</span> <span class='ocrx_word' id='word_1_242' title='bbox 1421 3524 1429 3541; x_wconf 85' lang='lat'><em>&#39;</em></span> 
     </span>
    </p>
   </div>
   <div class='ocr_carea' id='block_1_6' title="bbox 177 3621 1407 4057">
    <p class='ocr_par' dir='ltr' id='par_1_6' title="bbox 177 3621 1407 4057">
     <span class='ocr_line' id='line_1_30' title="bbox 177 3621 1317 3714; baseline 0.004 -26"><span class='ocrx_word' id='word_1_243' title='bbox 177 3621 291 3708; x_wconf 83' lang='lat' dir='ltr'>iisdem</span> <span class='ocrx_word' id='word_1_244' title='bbox 302 3624 405 3691; x_wconf 90' lang='lat' dir='ltr'>verbis</span> <span class='ocrx_word' id='word_1_245' title='bbox 419 3625 504 3692; x_wconf 88' lang='lat' dir='ltr'>idem</span> <span class='ocrx_word' id='word_1_246' title='bbox 516 3635 609 3712; x_wconf 89' lang='lat' dir='ltr'>atque</span> <span class='ocrx_word' id='word_1_247' title='bbox 623 3625 742 3693; x_wconf 88' lang='lat' dir='ltr'>Socrati</span> <span class='ocrx_word' id='word_1_248' title='bbox 753 3627 872 3694; x_wconf 91' lang='lat' dir='ltr'>crimen</span> <span class='ocrx_word' id='word_1_249' title='bbox 882 3637 1034 3693; x_wconf 89' lang='lat' dir='ltr'>moveret.</span> <span class='ocrx_word' id='word_1_250' title='bbox 1046 3626 1136 3708; x_wconf 83' lang='lat' dir='ltr'>Quod</span> <span class='ocrx_word' id='word_1_251' title='bbox 1152 3637 1317 3714; x_wconf 86' lang='lat' dir='ltr'>postquam</span> 
     </span>
     <span class='ocr_line' id='line_1_31' title="bbox 178 3738 1407 3835; baseline 0.001 -31"><span class='ocrx_word' id='word_1_252' title='bbox 178 3738 272 3824; x_wconf 79' lang='lat' dir='ltr'>longo</span> <span class='ocrx_word' id='word_1_253' title='bbox 286 3747 427 3824; x_wconf 91' lang='lat' dir='ltr'>tempore</span> <span class='ocrx_word' id='word_1_254' title='bbox 441 3750 566 3806; x_wconf 88' lang='lat' dir='ltr'>auctum</span> <span class='ocrx_word' id='word_1_255' title='bbox 577 3749 637 3819; x_wconf 88' lang='lat' dir='ltr'>est,</span> <span class='ocrx_word' id='word_1_256' title='bbox 653 3741 780 3835; x_wconf 86' lang='lat' dir='ltr'>tandem</span> <span class='ocrx_word' id='word_1_257' title='bbox 791 3741 906 3809; x_wconf 81' lang='lat' dir='ltr'>exarsit</span> <span class='ocrx_word' id='word_1_258' title='bbox 919 3741 952 3807; x_wconf 92' lang='lat' dir='ltr'>in</span> <span class='ocrx_word' id='word_1_259' title='bbox 967 3752 1135 3828; x_wconf 90' lang='lat' dir='ltr'>utrumque</span> <span class='ocrx_word' id='word_1_260' title='bbox 1148 3752 1180 3808; x_wconf 89' lang='lat' dir='ltr'>et</span> <span class='ocrx_word' id='word_1_261' title='bbox 1203 3740 1322 3828; x_wconf 89' lang='lat' dir='ltr'>pariter</span> <span class='ocrx_word' id='word_1_262' title='bbox 1405 3768 1407 3775; x_wconf 39' lang='lat' dir='ltr'>r</span> 
     </span>
     <span class='ocr_line' id='line_1_32' title="bbox 178 3850 1321 3942; baseline 0.003 -25"><span class='ocrx_word' id='word_1_263' title='bbox 178 3850 319 3918; x_wconf 92' lang='lat' dir='ltr'>invaluit.</span> <span class='ocrx_word' id='word_1_264' title='bbox 348 3851 440 3920; x_wconf 93' lang='lat' dir='ltr'>Illum</span> <span class='ocrx_word' id='word_1_265' title='bbox 462 3853 546 3922; x_wconf 89' lang='lat' dir='ltr'>haud</span> <span class='ocrx_word' id='word_1_266' title='bbox 573 3873 664 3923; x_wconf 86' lang='lat' dir='ltr'>secus</span> <span class='ocrx_word' id='word_1_267' title='bbox 689 3865 781 3942; x_wconf 88' lang='lat' dir='ltr'>atque</span> <span class='ocrx_word' id='word_1_268' title='bbox 805 3856 890 3924; x_wconf 90' lang='lat' dir='ltr'>hunc</span> <span class='ocrx_word' id='word_1_269' title='bbox 914 3856 984 3923; x_wconf 79' lang='lat' dir='ltr'>uitae</span> <span class='ocrx_word' id='word_1_270' title='bbox 1001 3855 1165 3942; x_wconf 87' lang='lat' dir='ltr'>praeteritae</span> <span class='ocrx_word' id='word_1_271' title='bbox 1184 3855 1321 3921; x_wconf 90' lang='lat' dir='ltr'>honesto</span> 
     </span>
     <span class='ocr_line' id='line_1_33' title="bbox 178 3966 1322 4057; baseline 0 -23"><span class='ocrx_word' id='word_1_272' title='bbox 178 3966 263 4034; x_wconf 89' lang='lat' dir='ltr'>exitu</span> <span class='ocrx_word' id='word_1_273' title='bbox 278 3966 477 4052; x_wconf 87' lang='lat' dir='ltr'>respondisse</span> <span class='ocrx_word' id='word_1_274' title='bbox 488 3968 578 4037; x_wconf 79' lang='lat' dir='ltr'>facile</span> <span class='ocrx_word' id='word_1_275' title='bbox 596 3970 717 4054; x_wconf 88' lang='lat' dir='ltr'>credas,</span> <span class='ocrx_word' id='word_1_276' title='bbox 731 3979 823 4057; x_wconf 90' lang='lat' dir='ltr'>atquc</span> <span class='ocrx_word' id='word_1_277' title='bbox 842 3970 875 4036; x_wconf 94' lang='lat' dir='ltr'>in</span> <span class='ocrx_word' id='word_1_278' title='bbox 893 3971 952 4038; x_wconf 91' lang='lat' dir='ltr'>hac</span> <span class='ocrx_word' id='word_1_279' title='bbox 971 3989 1117 4056; x_wconf 90' lang='lat' dir='ltr'>suprema</span> <span class='ocrx_word' id='word_1_280' title='bbox 1130 3968 1322 4039; x_wconf 85' lang='lat' dir='ltr'>necessitate</span> 
     </span>
    </p>
   </div>
   <div class='ocr_carea' id='block_1_7' title="bbox 219 4205 1283 4372">
    <p class='ocr_par' dir='ltr' id='par_1_7' title="bbox 219 4205 1283 4372">
     <span class='ocr_line' id='line_1_34' title="bbox 219 4205 1283 4279; baseline 0.004 -19"><span class='ocrx_word' id='word_1_281' title='bbox 219 4205 253 4272; x_wconf 86' lang='grc'>(1)</span> <span class='ocrx_word' id='word_1_282' title='bbox 275 4207 397 4276; x_wconf 81' lang='lat' dir='ltr'>xenoph.</span> <span class='ocrx_word' id='word_1_283' title='bbox 413 4209 596 4276; x_wconf 67' lang='lat' dir='ltr'>uoluntati,</span> <span class='ocrx_word' id='word_1_284' title='bbox 612 4224 657 4275; x_wconf 85' lang='lat' dir='ltr'>ru,</span> <span class='ocrx_word' id='word_1_285' title='bbox 672 4212 698 4266; x_wconf 73' lang='grc' dir='ltr'>ἱ).</span> <span class='ocrx_word' id='word_1_286' title='bbox 721 4209 759 4268; x_wconf 85' lang='lat' dir='ltr'>ct.</span> <span class='ocrx_word' id='word_1_287' title='bbox 773 4210 808 4266; x_wconf 87' lang='lat' dir='ltr'>id.</span> <span class='ocrx_word' id='word_1_288' title='bbox 825 4208 1015 4267; x_wconf 76' lang='lat' dir='ltr'>memorabit..</span> <span class='ocrx_word' id='word_1_289' title='bbox 1029 4211 1049 4276; x_wconf 87' lang='lat'>1,</span> <span class='ocrx_word' id='word_1_290' title='bbox 1066 4223 1099 4274; x_wconf 92' lang='grc' dir='ltr'>ιι,</span> <span class='ocrx_word' id='word_1_291' title='bbox 1116 4210 1162 4274; x_wconf 81' lang='lat' dir='ltr'>tt,</span> <span class='ocrx_word' id='word_1_292' title='bbox 1174 4207 1208 4265; x_wconf 88' lang='grc'>16</span> <span class='ocrx_word' id='word_1_293' title='bbox 1222 4222 1283 4279; x_wconf 83' lang='lat' dir='ltr'>sqq.</span> 
     </span>
     <span class='ocr_line' id='line_1_35' title="bbox 219 4305 1265 4372; baseline 0.013 -8"><span class='ocrx_word' id='word_1_294' title='bbox 219 4305 252 4372; x_wconf 76' lang='lat' dir='ltr'>o)</span> <span class='ocrx_word' id='word_1_295' title='bbox 275 4307 434 4365; x_wconf 59' lang='lat' dir='ltr'>vuarato.</span> <span class='ocrx_word' id='word_1_296' title='bbox 1093 4320 1099 4331; x_wconf 82' lang='grc'><em>’</em></span> <span class='ocrx_word' id='word_1_297' title='bbox 1258 4309 1265 4322; x_wconf 89' lang='grc'><strong>“</strong></span> 
     </span>
    </p>
   </div>
   <div class='ocr_carea' id='block_1_8' title="bbox 0 0 1501 4746">
    <p class='ocr_par' dir='ltr' id='par_1_8' title="bbox 0 0 1501 4746">
     <span class='ocr_line' id='line_1_36' title="bbox 0 0 1501 4746; baseline 0 0"><span class='ocrx_word' id='word_1_298' title='bbox 0 0 1501 4746; x_wconf 95' lang='lat' dir='ltr'> </span> 
     </span>
    </p>
   </div>
  </div>
 </body>
</html>
