2946 4746
709 315 750 334 ..
769 293 808 351 54
829 324 868 334 ..

210 415 250 480 tis
264 427 442 503 excerptam
455 439 544 507 esse3
562 421 617 488 sed
637 443 704 508 qua·
723 423 760 488 sir
777 477 785 506 ,
802 434 834 490 et
854 444 914 510 qua
931 424 1082 492 inuitatur
1095 427 1163 513 ipse
1177 427 1360 496 auctoritate

163 526 186 605 J
209 530 313 598 dicere
329 531 448 600 omisit.
469 532 627 621 Quidquid
644 535 676 601 id
697 548 764 613 est,
789 536 872 603 haud
895 537 1066 606 absurdum
1086 541 1214 607 credere
1234 541 1358 624 Ceium,

208 645 378 712 Democriti
393 647 535 733 quidem,
550 668 612 743 non
629 661 735 722 autem
748 651 945 736 Protagora,
964 652 1104 738 magistri
1120 654 1182 736 sui,
1199 657 1356 743 exemplo,

208 770 263 840 περὶ
276 767 376 841 ἀρετῆς,
398 780 461 826 non
477 773 533 843 περὶ
546 771 638 844 ἀρετῶν
655 761 771 828 librum
791 762 982 847 coniecisse3
998 785 1207 850 quumunam
1226 769 1360 838 Virtutis

207 890 375 957 personam
387 872 420 938 in
434 873 578 939 Herculis
599 873 700 939 labula
721 874 859 957 duxerit,
876 875 956 942 satis
971 888 1100 962 apparet
1111 897 1198 962 eum,
1222 881 1267 946 uti
1281 868 1360 949 eon-

206 987 309 1054 tendit
338 985 483 1054 Socrates
508 986 657 1053 adversus
683 987 884 1072 Protagoram
904 989 958 1071 (1),
987 1001 1135 1058 uirtutem
1163 1013 1233 1060 esse
1261 1015 1357 1062 unam
1448 986 1454 999 ’

206 1102 349 1184 duxisse,
373 1112 405 1168 et
419 1113 539 1168 ceteras
561 1119 630 1186 quae
654 1101 960 1184 vocanturuirtutes,
988 1104 1082 1171 unius
1096 1105 1360 1176 variasesselor-

206 1237 287 1299 mas,
303 1227 336 1283 et
347 1216 436 1302 quasi
451 1215 581 1282 ancillas
593 1215 808 1301 comitesque.

249 1330 296 1396 Eu
312 1329 460 1416 quopiam
484 1329 523 1395 de
547 1328 597 1395 his
614 1327 708 1394 rebus
732 1329 847 1415 scripto
863 1329 1034 1397 delibatum
1050 1333 1135 1399 lrouo
1158 1354 1229 1401 esse
1244 1335 1357 1421 opinor

205 1445 356 1512 eximium
372 1444 412 1511 de.
425 1464 531 1510 amoro
556 1443 743 1525 lloseulum,
770 1464 865 1530 quem
886 1442 1054 1529 Florileqio
1068 1447 1202 1515 inseruit
1215 1449 1253 1516 lo
1283 1440 1358 1517 sross

205 1559 292 1626 lraeus
305 1559 347 1638 (at
359 1558 614 1644 aTlreophrasto‚
631 1568 666 1623 ut
676 1555 845 1624 uerisimile
855 1569 913 1626 cst.
932 1559 1104 1643 laudatum,
1120 1588 1137 1622 u
1151 1563 1353 1648 cupiditatem

206 1673 398 1758 geminatam
420 1691 560 1738 amorem
587 1690 680 1754 csse,
713 1690 853 1737 amorem
880 1691 954 1738 vero
980 1674 1174 1758 geminatum
1198 1675 1354 1744 insaniam

205 1786 285 1853 lieri.
301 1812 316 1846 l
329 1786 430 1866 Quam
441 1784 517 1851 satis
527 1783 692 1851 commode
702 1784 879 1871 explanavit
890 1787 1078 1854 sententiam
1091 1787 1276 1856 Plutarchus
1286 1791 1352 1879 (3):

208 1927 223 1960 a
240 1900 375 1966 Rectum
387 1918 458 1965 esse
473 1897 630 1984 aliquibus
644 1897 850 1981 viscerosae
865 1898 1018 1986 principio
1030 1901 1233 1987 cupiditatem
1250 1905 1353 1971 solum

204 2034 292 2100 esse3
311 2014 423 2080 sivero
440 2012 590 2095 excedat,
614 2013 764 2078 lurorem.
784 2039 799 2072 a
820 2012 951 2080 l'rodieo
966 2015 1117 2100 magistro
1142 2018 1291 2101 assentit,
1320 2033 1356 2085 ut

204 2149 342 2216 semper,
359 2127 525 2215 Euripides
543 2155 550 2192 ι
567 2137 596 2188 τὸ
609 2135 734 2208 μαίνεσθαι
743 2128 839 2209 δ’ἅρ’ἧν
852 2132 910 2209 ἔρως
923 2135 1025 2210 βροτοῖς
1039 2131 1099 2214 (sl).

247 2246 364 2311 Forsan
379 2245 597 2309 oeroomotiea's
613 2240 760 2310 omnibus
773 2242 835 2310 illis
850 2244 991 2311 addenda
1011 2257 1060 2312 est
1073 2247 1173 2343 oratio
1186 2248 1226 2315 de
1245 2251 1315 2315 Vita
1325 2257 1359 2315 ct

201 2361 318 2440 Morte,
332 2377 426 2444 quam
442 2355 586 2423 Socrates
610 2356 642 2422 iu
658 2361 802 2424 Aarloclm
815 2342 951 2427 audiisse
968 2360 1050 2447 apud
1065 2360 1195 2429 Calliam
1210 2361 1298 2446 dicit,
1321 2373 1356 2429 et

22 2444 25 2454 Ι
104 2456 114 2472 ’
197 2473 305 2560 ¹eujus⁷
322 2473 403 2540 sieut
421 2471 520 2554 Echo,
547 2471 637 2538 effata
659 2482 782 2538 tantum
805 2473 929 2541 recinit.
950 2474 1092 2561 Namque
1107 2477 1187 2559 haee,
1204 2488 1240 2543 ut
1265 2489 1358 2564 extra·

203 2587 288 2675 vulgi
314 2585 497 2674 opinionem
512 2595 624 2667 erant,
645 2585 670 2652 si
688 2585 758 2671 quis
783 2585 978 2654 eliminasset
995 2587 1090 2671 foras,
1115 2587 1352 2657 abhorruissent

203 2719 334 2784 omues3
352 2697 470 2763 etenim
486 2695 627 2782 Euripidi
642 2696 754 2763 accidit
768 2749 776 2779 ‚
794 2706 843 2771 ut,
873 2717 971 2783 quum
985 2717 1003 2764 e
1025 2717 1109 2783 penu
1125 2698 1270 2767 Prodicio
1291 2700 1351 2766 lroe

202 2823 423 2900 expromptum
448 2830 551 2877 scenae
569 2811 774 2898 apposuerit:
796 2837 811 2872 a
829 2822 991 2894 nostram,
1006 2833 1074 2897 quae
1089 2813 1215 2897 dieitur,
1240 2813 1354 2894 uitam5

114 2910 116 2915 ¹
202 2938 338 2993 mortem
353 2944 436 3007 esse,
456 2950 470 2984 a
492 2923 539 3006 (ὅ)
565 2923 805 3011 Aristophanes,
828 2924 881 2991 ille
902 2925 1077 3017 priscorum
1097 2947 1222 2994 momm
1248 2927 1353 2993 tidelis

202 3050 286 3105 tutor
305 3037 471 3106 elucteris
493 3036 600 3124 populi
614 3037 791 3124 interpres,
808 3049 862 3104 aut
884 3037 930 3104 ira
946 3024 1000 3105 aut
1019 3038 1154 3105 ludibrio
1178 3058 1351 3125 proseque-

200 3164 287 3244 retur
300 3150 362 3237 (6).
382 3180 385 3189 ·

245 3267 312 3332 lloe
327 3267 359 3332 in
375 3265 467 3348 libro,
484 3260 585 3350 cujus,
603 3283 643 3329 eu
660 3263 699 3331 iis
717 3284 787 3350 quae
801 3264 989 3333 moribundo
1006 3266 1147 3334 dxiocho
1161 3264 1347 3348 offeruntur,

200 3381 334 3447 sormam
361 3376 544 3446 summatim
569 3376 736 3444 restituere
762 3398 942 3464 possumus,
971 3390 1136 3465 postquam
1163 3392 1350 3467 exposuerat

200 3493 351 3559 Prodicus
366 3512 425 3558 nos
449 3511 513 3557 non
528 3490 567 3557 ad
591 3490 673 3556 haue
686 3489 782 3556 vitam
799 3497 868 3557 esse
883 3502 985 3576 natos,
1005 3503 1113 3578 utpote
1134 3493 1187 3578 qui
1202 3513 1267 3560 non
1280 3495 1358 3562 haec·

178 3712 181 3722 '
241 3711 273 3778 (1)
297 3709 324 3765 ld
336 3707 361 3763 iu
373 3707 703 3776 Protnqorodisputatnr.

240 3811 273 3877 (1)
295 3805 591 3875 separarentur.
695 3835 715 3880 ·.

239 3907 273 3976 (3)
299 3928 311 3956 ιι
327 3905 409 3977 Quod
422 3918 573 3961 amaruan
583 3902 781 3973 aitjudicium.
795 3922 807 3950 u
828 3901 1099 3972 (apaustaulein.)

235 4004 450 4074 (alsaentorp.
533 4041 534 4045 ,

237 4107 270 4173 (5)
294 4101 411 4172 Euripid.
434 4102 534 4158 Ptrt'x.
555 4101 645 4169 leogio.
668 4099 739 4169 apud
753 4099 853 4155 Platon.
870 4100 896 4154 iu
910 4099 1033 4168 Gorqlo.
1050 4098 1102 4156 300
1122 4101 1202 4182 1.--
1219 4100 1258 4158 Cl.
1273 4096 1351 4156 Stolos

198 4207 289 4267 Serra,
303 4212 379 4265 cuum
395 4199 479 4256 Cicer.
494 4204 534 4256 De
545 4198 689 4278 Republic.
701 4213 739 4263 vr,
753 4198 780 4262 7,
795 4206 822 4254 et
834 4197 887 4264 alil,
902 4212 970 4267 quos
980 4197 1047 4254 intra
1060 4198 1206 4254 aderimus

235 4300 266 4365 lli)
278 4299 424 4368 'Aristoplu
439 4302 510 4354 lton.
525 4296 610 4362 l082;
626 4296 705 4355 llt77.
