2946 4746
655 334 813 389 ...op-

159 464 226 529 laus
237 459 373 527 Poussiu
392 489 399 524 2
419 459 539 524 scilicet
551 457 640 523 lactis
656 457 723 544 jam
740 457 879 524 nobilem
894 467 927 522 et
941 455 1050 551 laurea
1060 456 1200 522 cinctum
1214 456 1309 521 indu-

159 580 202 646 cit
215 577 402 657 Herculem,
418 595 514 660 quem
535 573 705 659 alloquitur
718 573 832 638 mulier
845 573 981 638 formosa
995 625 1002 654 ,
1023 571 1174 656 praediviti
1195 571 1285 635 cultu
1299 619 1309 648 ,

158 703 209 773 et,
225 689 327 775 capite
347 685 479 753 {loribus
493 684 659 767 redimito,
675 685 752 750 dum
771 684 839 750 viro
859 703 946 749 rosas
966 684 1098 769 porrigit
1111 685 1229 766 Amor3
1253 683 1312 748 sed

158 814 278 884 contra,
290 800 425 887 patrium
435 799 551 864 coelum
563 797 662 883 digito
673 807 828 863 monstrat
838 797 958 877 Virtus,
967 795 1056 882 cujus
1069 796 1200 861 monitis
1209 795 1313 861 liben-

160 918 235 998 tius,
247 916 321 982 licet
332 913 616 980 adhuchaereatrir
634 913 666 978 in
679 911 840 997 ambiguo,
863 930 971 976 aurem
983 910 1157 996 patefacere
1171 910 1311 976 ridetur.

203 1027 305 1108 Quin,
333 1035 421 1092 tanto
443 1023 566 1090 Prodici
582 1023 719 1089 fabulam
743 1022 847 1088 studio
862 1022 1025 1106 amplexus
1038 1034 1087 1087 est
1099 1021 1146 1086 vir
1159 1021 1315 1106 ingenua-

159 1159 230 1205 rum
244 1138 358 1204 artium
373 1137 629 1213 amantissimus,
650 1137 884 1204 Shaltesburius
898 1158 1023 1220 comes,
1039 1149 1076 1203 ut
1091 1158 1156 1204 non
1169 1137 1267 1204 modo
1278 1137 1314 1202 in

163 1250 290 1336 copiosa
312 1249 352 1317 de
371 1249 520 1315 historica
535 1250 654 1335 pictura
676 1226 895 1316 dissertatione
921 1251 964 1333 (l)
986 1250 1045 1315 hoc
1065 1250 1198 1335 elegerit
1219 1270 1317 1335 argu-

160 1375 304 1431 mentum
321 1384 383 1449 quo
402 1363 441 1429 de
457 1363 509 1429 illa
531 1374 597 1428 arte
614 1363 689 1448 quicl
703 1363 798 1428 uellet
810 1363 1000 1449 explicaret,
1018 1363 1181 1430 sedetiam
1195 1416 1203 1445 ,
1217 1374 1313 1449 pmut

117 1539 122 1547 .
161 1489 268 1546 mente
280 1488 467 1563 conceperat
479 1477 532 1542 aeri
548 1476 751 1543 incidendum
766 1477 930 1544 curaverit.

201 1591 360 1676 Denique,
379 1590 559 1675 nuperrime
573 1590 709 1675 (1855),
728 1590 910 1657 curantibus
931 1590 1121 1656 Parisiorum
1141 1590 1312 1670 aedilibus,

161 1705 193 1781 in
209 1704 346 1770 maxima
360 1703 500 1768 Basilica
511 1703 790 1793 Urbanaeesedra‚
815 1715 913 1769 totam
935 1705 1052 1769 hancce
1074 1703 1186 1769 Herois
1209 1703 1315 1768 histo-

162 1817 241 1889 riam
264 1815 440 1882 tabularum
462 1816 543 1882 serie
563 1815 698 1881 lacunam
723 1817 937 1902 appictarum,
962 1815 1043 1881 miro
1063 1814 1194 1881 artillcio
1221 1834 1318 1881 exse-

162 1922 254 2001 cutus
276 1942 325 1996 est
350 1930 496 2015 egregius
519 1930 620 2016 pictor
637 1930 799 2015 Eugenius
814 1929 944 1996 Crucius
956 1930 1099 2015 (Eugene
1112 1929 1315 2006 Delacroixl:

162 2046 216 2131 qui
231 2044 510 2130 qualesProdicias
530 2046 696 2109 Horarum
709 2044 864 2128 imagines
880 2042 971 2109 nobis
991 2064 1030 2108 eu
1051 2043 1120 2108 istis
1143 2041 1317 2107 rarioribus

95 2214 99 2228 .
163 2158 304 2243 reliquiis
318 2157 424 2223 animo
439 2157 604 2243 concipere
616 2157 690 2223 lieet
702 2168 734 2222 et
747 2157 931 2236 restituere,
954 2157 1097 2241 concepit
1115 2156 1183 2241 ipse.
1201 2166 1234 2220 et
1246 2176 1319 2220 res—

164 2275 261 2341 tituit.
279 2275 463 2360 Postquam,
480 2275 561 2343 sicut
572 2275 666 2342 Ceius
680 2277 848 2362 magister,
865 2297 882 2342 a
897 2275 994 2342 nobili
1007 2275 1091 2345 liiiio
1104 2274 1244 2360 incepit,
1259 2293 1318 2359 per

164 2388 265 2454 varios
281 2387 414 2471 labores,
430 2389 581 2474 usquead
596 2391 712 2456 coelum
723 2390 790 2456 viro
802 2390 885 2461 viam
896 2390 1030 2455 munivit
1043 2389 1103 2469 (Ξ).

202 2630 240 2700 (1)
259 2631 387 2684 Journal
405 2628 454 2683 cles
476 2633 617 2688 Souania.
639 2630 700 2685 edit.
725 2631 848 2692 llollaenl.
868 2634 932 2685 Nor.
956 2631 1036 2688 1712.
1061 2644 1086 2697 p.
1108 2627 1244 2688 usa-520.
1270 2628 1316 2682 ulii

165 2727 285 2782 Herculis
296 2726 383 2781 lanula
394 2717 695 2798 er'xcnopn.:narrarrn.
703 2764 729 2771 -
737 2729 776 2783 Gi.
786 2729 903 2796 ejusdem
916 2728 962 2781 vlri
975 2728 1191 2782 cnormctcrislcs
1201 2728 1315 2797 osmen,

169 2828 201 2880 T.
218 2839 252 2878 111
263 2865 270 2887 ,
281 2839 308 2893 p.
321 2824 383 2887 aus.
399 2825 519 2888 london,
537 2825 622 2888 1737,
638 2824 718 2880 ιιι-δι.
736 2826 790 2881 vid.
806 2834 833 2881 et
847 2830 883 2890 lc
894 2829 1084 2894 spectamur.
1103 2828 1134 2878 Τ.
1148 2826 1184 2880 ll.
1203 2839 1229 2892 ρ.
1247 2823 1312 2879 337.

206 2924 239 2987 (⁴2)
252 2921 302 2976 Uni
316 2922 384 2976 inter
405 2931 443 2977 tot
457 2931 484 2977 et
496 2931 548 2976 tam
570 2924 690 2991 egregios
702 2931 757 2977 tum
770 2922 949 2978 remotissimae
962 2919 1120 2990 antiquitatis
1132 2960 1139 2981 ,
1154 2926 1208 2974 tum
1222 2935 1317 2974 recen·

165 3013 261 3069 tiorum
275 3023 422 3082 lemporum
437 3016 520 3079 viros,
534 3016 612 3072 lliclr.
640 3018 775 3071 lloruanio
790 3018 916 3070 Virtutem
936 3017 1034 3084 fingere
1048 3015 1143 3084 placuit
1166 3015 1191 3069 in
1216 3017 1317 3083 Campo

166 3112 275 3178 lloribus
288 3111 415 3180 plurimis,
427 3112 556 3182 variisque
568 3114 682 3178 consito,
697 3117 814 3170 Fortuna
829 3129 859 3168 oc
871 3112 1009 3181 Voluptate
1032 3111 1226 3173 comitantibus,
1241 3111 1318 3166 habi·

164 3216 273 3270 tantem.
288 3207 368 3277 Cujns
380 3209 451 3263 hunc
463 3209 549 3264 locun
563 3210 614 3265 vid.
631 3211 727 3266 Essais
742 3214 764 3273 Ι,
780 3211 814 3265 ‘25
837 3231 884 3265 α...
905 3213 939 3264 la
965 3216 1038 3263 verm
1052 3209 1118 3263 n’est
1130 3218 1187 3276 pas,
1212 3223 1317 3262 comme

166 3304 220 3359 ilict
232 3302 373 3367 l'esclrole,
389 3307 493 3374 plantae
508 3307 522 3359 i
538 3307 561 3361 lo
575 3317 642 3362 teste
660 3308 722 3361 d'un
736 3317 808 3361 mont
821 3309 918 3376 coupe,
933 3305 1070 3361 rabotteux
1081 3318 1107 3360 et
1122 3306 1314 3361 inaccessible:

167 3402 241 3465 ceula
254 3403 299 3471 qul
310 3402 373 3457 l'ont
387 3405 538 3472 opprncnee
552 3407 574 3458 la
588 3406 706 3460 tiennent
718 3421 750 3459 an
765 3407 887 3466 rebours.
906 3405 983 3472 logee
992 3404 1058 3459 dans
1081 3419 1132 3459 une
1146 3403 1215 3460 belle
1229 3404 1316 3472 plaiae

165 3500 250 3555 fertile
260 3508 287 3554 et
297 3501 442 3556 florissante
456 3502 516 3557 cl'olr
530 3502 580 3558 elle
591 3504 666 3558 vcoid
679 3504 761 3558 soubs
773 3518 821 3572 soy
834 3512 922 3558 toules
932 3503 1042 3565 choscs;
1059 3502 1154 3556 moissi
1165 3502 1316 3571 peult-ony

164 3597 274 3661 arrives,
288 3598 377 3667 quien
389 3600 619 3670 scaill'adrlrease,
628 3616 675 3669 par
685 3600 732 3655 cles
744 3610 833 3655 rooles
840 3600 1038 3667 omhrageuses,
1047 3603 1198 3666 gazonnees
1209 3609 1234 3654 et
1246 3599 1317 3654 doux

166 3696 318 3758 ilenrantes,
333 3697 523 3765 plaisamment,
535 3699 649 3754 elcl'nne
664 3708 741 3768 pente
755 3699 830 3754 lacile
854 3708 880 3754 et
906 3698 975 3768 polle
989 3713 1092 3753 comme
1112 3706 1152 3753 est
1174 3698 1243 3753 celle
1268 3699 1317 3753 ‹les

168 3792 269 3847 roultes
278 3793 398 3850 celestes.
414 3798 485 3849 Pour
502 3797 696 3852 n’auoirhante
709 3806 778 3852 cette
799 3806 874 3851 rertu
886 3798 1020 3864 supreme,
1033 3794 1111 3859 belle,
1127 3796 1315 3864 triomphante,

167 3903 335 3955 amoniense,
350 3892 500 3958 delicieuse
517 3895 696 3963 pareillement
711 3904 737 3950 et
756 3909 929 3965 enurageuse,
943 3893 1065 3949 ennemie
1079 3893 1199 3962 professe
1211 3901 1238 3948 et
1251 3894 1319 3948 irre-

167 3986 477 4058 conciliablecl'aigreur,
491 3992 563 4045 etde
585 3992 730 4060 ‹lesplaisir.
756 3992 789 4047 ile
811 3994 910 4046 crainte
932 4000 958 4046 ct
982 3992 1016 4046 dc
1039 3992 1213 4053 comminue,
1239 4002 1320 4059 ayant

168 4093 235 4154 pour
247 4084 326 4151 griide
341 4094 443 4152 nature,
459 4087 564 4142 fortune
577 4098 602 4143 et
626 4091 730 4158 volupte
746 4105 815 4157 pour
828 4090 1013 4158 compaignes;
1029 4089 1059 4144 ils
1082 4098 1142 4144 sont
1154 4088 1227 4151 allen.
1240 4089 1317 4144 selon

168 4178 225 4246 leur·
238 4179 371 4245 loiblesse‚
390 4183 492 4239 scindre
506 4193 574 4241 cette
587 4195 656 4242 sotle
668 4186 765 4256 image,
779 4188 863 4249 triste,
886 4188 1064 4257 querelleuse,
1087 4185 1200 4256 despite,
1227 4202 1319 4244 mena·

168 4288 260 4342 conse,
281 4278 407 4343 utinense,
426 4282 483 4336 etla
495 4282 584 4350 placer
597 4299 642 4337 sur
656 4298 690 4338 un
706 4283 809 4338 rorlrier
823 4283 836 4337 i
851 4284 962 4347 l'escart,
977 4299 1062 4354 emmy
1076 4286 1123 4340 nes
1133 4298 1248 4340 conces:
1262 4285 1320 4340 inn-
