2946 4746
711 309 868 364 ¹epp..

218 446 284 522 tas3
299 446 330 503 et
342 436 469 513 deinde,
483 435 514 500 in
530 432 638 509 riou,
662 432 715 500 ubi
728 435 946 521 Paupertatem
963 453 1035 499 cum
1058 433 1242 522 Chremylo,
1264 420 1364 503 susci*

217 550 324 636 piente
340 549 391 616 dei
412 548 459 614 sui
480 546 698 634 patrocinium3
718 545 961 614 contendentem
977 546 1129 615 exhibuit.
1148 547 1210 616 Sed
1230 549 1363 616 sortasse

219 666 323 750 ipsum
339 674 412 730 ante
437 663 625 745 Prodicum,
654 660 799 730 Cratinus
827 662 858 728 in
876 662 1012 729 fabulam
1038 683 1107 748 quae
1132 663 1365 732 inscribebatur

219 793 323 859 ιιυτιιη,
340 778 422 844 inter
443 777 520 844 duas
536 776 668 843 seminas
679 776 887 859 Comoediam‚
900 775 1079 861 conjugem,
1095 787 1127 842 et
1139 777 1364 846 Ebriositatem

219 893 376 978 pellicem,
390 912 459 957 sese
474 890 663 977 pendentem
677 891 842 956 induxerat
858 891 919 976 (l).

263 1005 382 1072 Eodem
401 1003 465 1070 iere
483 1014 636 1090 tempore,
661 1003 750 1070 valde
772 1004 887 1090 placuit
905 1002 1071 1071 Socraticis
1092 1023 1128 1070 ea
1148 992 1262 1087 sabula,
1281 1004 1368 1072 iuter

218 1139 297 1206 quos
323 1139 393 1185 eam
424 1119 550 1184 tradidit
572 1119 759 1204 Xenophon,
786 1118 835 1184 his
864 1117 1008 1184 meminit
1031 1119 1119 1184 Plato
1151 1117 1211 1203 (ἢ),
1236 1130 1269 1185 et
1297 1139 1375 1187 nou.

219 1233 313 1299 modo
328 1231 604 1318 incomparatiooe
617 1236 732 1300 Παιδείας
743 1239 771 1292 et
782 1236 984 1310 ιἐυδοπαιδειας,
1009 1231 1047 1296 ad
1070 1250 1148 1317 quas
1167 1231 1297 1298 diverse
1315 1233 1367 1299 (ιιὲ

220 1357 295 1412 runt
310 1345 380 1427 viae,
397 1345 533 1430 respexit
548 1343 661 1419 Cebes,
677 1343 745 1427 sed,
763 1343 796 1409 in
814 1353 877 1409 tota
898 1362 954 1410 sua
977 1347 1112 1420 Tubulo,
1139 1344 1220 1410 hanc
1241 1343 1366 1412 Prodici

218 1481 312 1547 quam
327 1460 490 1527 restituere
506 1459 608 1526 eonati
624 1479 745 1541 sumus,
762 1457 898 1524 fabulam
913 1458 1053 1524 imitatus
1065 1468 1114 1523 est
1133 1457 1194 1540 (3).
1336 1545 1339 1550 1

263 1574 366 1642 Simili
397 1574 490 1640 modo
520 1573 552 1638 in
576 1573 681 1639 animo
702 1572 907 1639 colluctantes
930 1572 1129 1657 Voluptatem
1151 1583 1182 1639 et
1208 1572 1365 1640 Virtutem

220 1684 268 1749 his
284 1683 422 1751 ostendit
443 1685 533 1751 Philo
552 1685 678 1752 Judaeus
699 1686 761 1772 (l),
783 1683 955 1769 dequibus
976 1682 1052 1751 locis
1073 1683 1139 1771 jam
1163 1685 1237 1770 quid
1259 1697 1366 1753 nostra

138 1783 140 1788 ’
219 1797 298 1864 serat
323 1799 479 1865 sententia
504 1799 640 1866 diximus
654 1799 714 1885 (ὅ).
743 1798 783 1864 Et
808 1798 940 1863 Diouem
965 1796 1221 1885 chrysostomum
1240 1818 1365 1886 quoque

219 1886 397 1978 notavimus
428 1932 466 1978 ex
490 1911 633 1981 Prodieio
652 1913 737 1978 lente
760 1912 858 1978 multu
880 1910 1035 1977 hausisse.
1054 1911 1210 1978 Luciauus
1232 1912 1301 1999 ipse
1320 1885 1369 1980 sic⁸

148 2018 156 2029 '
218 2024 342 2090 induxit
366 2025 399 2090 in
422 2027 550 2091 Somnio
579 2025 627 2111 (6)
649 2025 727 2090 duas
750 2025 917 2097 mulieres.
944 2044 1021 2110 quas
1046 2025 1223 2111 descripsit,
1253 2027 1364 2094 Artem

220 2136 420 2219 Statuariam‚
444 2148 476 2203 et
507 2137 723 2204 Eruditionem
748 2137 975 2204 contendentes
997 2147 1067 2204 utra
1093 2139 1131 2205 ad
1156 2159 1189 2206 se
1215 2138 1365 2226 juvenem

101 2288 103 2293 ·
162 2344 166 2354 .
220 2251 344 2317 trahat:
361 2249 450 2336 cujus
469 2250 514 2320 rei
534 2249 618 2316 haud
638 2249 791 2317 absimilis
811 2261 859 2317 est
882 2250 1042 2318 contentio
1063 2251 1197 2319 lunonis
1217 2253 1365 2320 Minervae

219 2383 255 2430 uc
266 2362 397 2429 Veneris
411 2362 450 2428 ah
465 2362 577 2429 eodem
596 2384 750 2450 expressae
771 2364 834 2450 (t).
858 2364 1013 2430 Maximus
1033 2363 1156 2452 Tyrius}
1173 2366 1206 2431 in
1224 2367 1365 2433 oratioue

218 2496 280 2563 qua
290 2477 462 2544 secernitur
476 2476 596 2543 amicus
617 2477 655 2543 ab
668 2477 827 2544 adulatore
840 2477 902 2564 (8),
916 2477 1023 2563 paucis
1034 2478 1137 2546 uerbis
1148 2480 1367 2566 Xenophontis

219 2592 392 2658 orationem
406 2592 679 2678 contraxit3atque
691 2613 784 2679 supra
796 2593 871 2659 satis
882 2604 1092 2660 memoratum
1101 2595 1366 2681 quid,Themistii
1415 2582 1421 2587 ¹

219 2704 384 2788 beneficio,
398 2706 497 2794 hujus*
507 2706 550 2772 rei
570 2706 740 2774 habeamus
755 2708 816 2799 (9).
830 2706 921 2793 Apud
940 2707 1164 2775 Philostratum
1182 2710 1364 2792 Lemnium,

213 2983 217 2990 ,
259 2906 293 2987 (ι)
316 2898 517 2988 rotumum.
534 2918 888 2990 semiarianorum.
1282 2980 1284 2984 ,

258 3020 292 3087 (2)
315 3020 343 3072 ln
358 3022 477 3087 Protup.
493 3032 519 3087 p.
535 3017 598 3082 ⁶205,
613 3021 642 3074 F.
659 3017 739 3086 libid.
758 3018 818 3075 inlr.
836 3013 945 3074 tortasse
962 3019 1049 3076 obiter
1066 3020 1166 3090 attingit
1187 3021 1249 3085 212,
1273 3024 1320 3094 F.)
1340 3031 1368 3078 et

219 3105 392 3172 inconvicto
406 3115 469 3181 317,
484 3119 513 3171 Β.

257 3215 290 3284 (3)
312 3217 341 3270 V.
357 3213 483 3270 Vitiorum
496 3215 682 3279 blandimento,
702 3217 736 3284 (ρ.
752 3214 797 3278 70,
808 3225 834 3272 et
847 3215 1109 3285 pastopvtuumu,
1124 3224 1157 3286 tp.
1170 3216 1226 3287 77.)
1240 3229 1266 3275 et
1276 3220 1368 3277 Felici·

222 3312 292 3376 totis,
310 3312 403 3381 (throp
416 3312 524 3382 effigies.
548 3342 578 3350 -
600 3316 636 3367 lla
651 3313 727 3367 etiarn
742 3313 878 3383 utriusque
896 3313 1043 3368 similitudo
1055 3317 1092 3369 sic
1115 3314 1140 3369 in
1159 3327 1278 3372 errorem
1294 3319 1368 3374 duxit

218 3425 243 3466 v.
260 3410 294 3466 ch
308 3410 502 3474 Walter-seon,
518 3420 546 3465 ιιι
557 3410 684 3466 Cebetem
705 3425 765 3466 esse
776 3423 912 3488 auctorem
928 3411 1020 3467 labu'ae
1038 3412 1072 3467 de
1084 3415 1196 3469 Hercule
1211 3416 1364 3471 crediderit.

221 3509 395 3574 (Cromweti.
410 3509 473 3575 xiv).
804 3505 807 3512 '

257 3604 290 3673 (lt)
314 3610 355 3660 De
366 3606 524 3675 sacrifieiis
538 3607 622 3662 Caini
636 3619 663 3665 et
674 3607 748 3664 utet.
762 3623 789 3677 p.
808 3607 869 3665 133.
885 3640 915 3648 -
925 3608 971 3663 Vid
985 3618 1012 3664 et
1028 3604 1093 3678 teu.
1109 3611 1229 3667 Sacrur.
1239 3614 1366 3682 Adedou.

217 3704 238 3764 t,
255 3717 281 3770 p.
295 3702 393 3764 tuoni
411 3705 588 3772 serpentinam
601 3705 715 3774 depingit
727 3706 902 3775 Voluptatem,
920 3706 1154 3777 uteretricibusque
1172 3708 1292 3775 similem.
1306 3724 1368 3780 quae

217 3799 308 3856 luciem
322 3800 452 3865 iurantur,
467 3802 498 3856 uti
509 3803 645 3870 tegendum
659 3804 859 3860 deformitatem.
876 3807 905 3860 ln
916 3804 983 3860 libro
996 3809 1038 3860 De
1052 3805 1152 3862 trunti
1165 3806 1267 3877 Opilio.
1279 3823 1305 3878 p.
1319 3809 1365 3875 38,

216 3905 343 3952 monstrat
360 3913 419 3975 quae
436 3898 468 3953 sit
486 3899 598 3955 hominis
616 3900 732 3976 conditio
750 3903 801 3958 sub
824 3902 966 3972 voluptatis
984 3902 1105 3971 imperio,
1125 3917 1202 3973 uuam
1224 3906 1365 3962 lasciuum

215 3996 431 4051 meretriculam
444 3999 569 4066 appellat.
1069 4003 1070 4006 ’
1179 4070 1182 4076 ,

244 4081 289 4163 Ὶ(5)
313 4095 376 4164 Cap.
392 4109 436 4159 nt,
452 4109 478 4165 p.
493 4096 537 4154 bb.
551 4125 581 4134 -·
595 4096 627 4164 (6)
650 4100 719 4153 Sert.
738 4097 763 4153 6.
775 4127 806 4140 -
825 4098 858 4166 (7)
883 4103 968 4165 beor,
987 4100 1097 4170 oraton.
1113 4115 1174 4166 rut.
1191 4101 1233 4158 20.

256 4190 287 4256 (8t
309 4194 395 4248 Orat.
410 4207 447 4255 tv,
463 4192 516 4248 init.
528 4193 607 4249 -Ci,
626 4198 710 4252 Orat.
726 4210 768 4258 ιι.
788 4210 813 4265 p.
830 4196 873 4253 91.

255 4286 288 4355 (9)
312 4292 352 4342 Dc
366 4295 440 4345 Vera
453 4288 590 4346 Amicitia
603 4294 689 4348 Orat.
703 4306 745 4347 ut.
