2946 4746
652 325 810 383 -69-

163 449 406 517 controversiam
419 469 436 515 a
454 448 580 516 Socrate
595 461 741 535 vocatur,
757 472 774 517 e
789 472 870 539 qua,
888 436 1000 519 ut'sese
1012 448 1139 520 inclusit
1152 447 1219 541 ipse
1233 447 1303 520 istis
1417 480 1422 493 ·

157 563 331 659 'angustiis
347 585 410 632 non
430 566 576 652 praeclare
590 566 703 634 eradit.
729 567 857 633 Minime
873 577 978 633 autem
994 567 1118 634 inlitiari
1136 569 1214 637 uelis
1227 588 1303 636 con-

165 679 286 765 tingere
302 698 406 765 posse,
432 689 477 762 ut,
506 679 625 765 siquis
650 679 720 746 vitae
736 700 921 766 morumque
947 680 1106 767 exemplar
1119 681 1302 768 respexerit,

165 803 197 857 et
221 792 374 858 clarorum
389 801 547 858 oratorum
561 801 712 859 nocturna
724 792 896 878 diurnaque
912 793 1008 860 minu
1016 793 1184 861 versaverit
1195 812 1301 880 opera,

164 905 324 990 explorata
340 894 518 990 diligentei,
537 925 598 990 qua
611 905 706 971 fidem
729 905 871 988 fecerint,
898 906 965 988 uia,
982 906 1055 972 inde
1078 916 1303 993 praeceptorum

165 1019 294 1103 seriem,
311 1030 364 1087 aut
382 1032 481 1099 artem
502 1019 607 1103 ducat,
623 1040 678 1106 per
690 1040 783 1106 quam
805 1019 849 1087 sic
863 1029 1002 1087 mentem
1017 1020 1185 1088 inlormare
1198 1019 1301 1102 liceat,

165 1145 201 1202 ut
214 1135 335 1202 facilius
354 1135 520 1222 perspiciat
541 1135 615 1221 quid
634 1136 666 1202 id
690 1155 859 1222 quoquere
884 1135 983 1222 magis
997 1135 1036 1201 ad
1051 1135 1302 1222 persuadendum

163 1247 342 1336 appositum
355 1268 424 1316 esse
438 1248 590 1315 videatur.
605 1276 617 1307 n
637 1247 719 1329 Quid
734 1248 886 1331 rideatur,
907 1277 920 1307 u
937 1269 1000 1317 non
1019 1275 1034 1310 a
1052 1246 1126 1334 quid
1141 1247 1182 1314 sit
1196 1274 1210 1307 u
1225 1247 1305 1313 dixit

158 1364 328 1448 Prodicus,
353 1363 424 1450 quia
438 1363 470 1429 id
490 1373 554 1430 tam
569 1362 677 1430 multis
692 1383 709 1429 θ
725 1363 819 1429 rebus
831 1363 959 1450 pendet,
978 1375 1082 1430 utrum
1104 1362 1196 1428 faciat
1209 1361 1304 1429 fidem
1390 1356 1391 1359 ’

162 1487 279 1561 orator,
293 1497 352 1543 nec
362 1497 413 1559 ne,
423 1486 458 1543 ut
469 1496 629 1563 uunquam
642 1477 705 1543 lere
716 1487 802 1543 extra
815 1496 943 1543 omnem
955 1477 1055 1543 aleam
1067 1485 1200 1543 constet.
1213 1474 1304 1557 Quod

163 1591 192 1658 si
208 1611 333 1678 semper
349 1591 386 1657 ud
402 1591 498 1657 finem
518 1590 695 1678 perveniret
708 1590 819 1672 oratio,
841 1588 935 1676 justis
961 1590 1076 1656 finibus
1093 1599 1193 1656 artem
1215 1606 1304 1657 suam

161 1705 380 1773 constituisset
395 1704 536 1791 Gorgias,
557 1715 650 1790 atque
662 1715 746 1770 esset
757 1725 808 1771 ars
821 1715 904 1770 certa
919 1702 1137 1790 persuadendi.
1180 1796 1182 1802 7

211 1821 359 1889 Ceterum
380 1823 478 1900 nullu,
494 1831 530 1887 ut
545 1821 649 1900 Tisiae,
666 1821 711 1887 sic
731 1820 854 1907 Gorgiae
869 1840 991 1907 quoque
1006 1819 1115 1906 religio
1127 1818 1167 1885 de
1181 1819 1230 1895 uia
1245 1839 1305 1906 qua

160 1954 226 2020 quo
237 1934 453 2018 destinauerit,
470 1933 659 2022 perveniret,
673 1945 765 2020 atque
777 1934 841 2000 vim
854 1933 1004 2000 orationis
1016 1933 1059 1999 ita
1075 1933 1255 2017 adhibebat,
1271 1943 1306 1999 ut

161 2067 267 2132 parca
279 2070 341 2115 esse
352 2070 481 2133 acapna,
506 2061 533 2114 et
546 2069 664 2132 meque
678 2051 811 2136 ct'et‘ssint
822 2069 938 2131 paruo,
954 2059 1057 2114 veteru
1075 2051 1147 2114 item
1169 2068 1252 2115 noua
1276 2060 1306 2114 et

155 2165 334 2227 ‘novissimo
361 2172 464 2227 cetero
486 2164 665 2226 uiderentur
681 2161 741 2249 (l).
761 2161 849 2227 Plato
876 2158 1017 2247 quidem,
1038 2159 1140 2246 quiid
1162 2158 1303 2243 tradidit,

160 2274 242 2350 nihil
258 2275 302 2340 ihi
326 2274 593 2364 comminiscitur,
620 2293 757 2359 namque
778 2274 930 2341 Isocrates
954 2276 1006 2361 qui
1033 2272 1156 2361 Gorgiae
1180 2294 1304 2363 quoque

161 2388 296 2455 oratoria
305 2388 469 2473 disciplina
485 2409 562 2455 usus
577 2398 637 2470 est,
651 2387 736 2454 idcm
751 2397 861 2455 natura
874 2387 1049 2455 orationem
1060 2389 1163 2456 valere
1173 2388 1304 2456 candide

83 2493 89 2511 '
161 2503 322 2591 professus
338 2514 386 2570 est
399 2503 458 2586 (2).
474 2505 537 2571 lsta
552 2504 650 2590 igitur
662 2515 728 2570 arte
744 2503 776 2570 id
796 2503 900 2570 doceri
912 2501 983 2589 jure
998 2503 1131 2587 diceres
1151 2503 1304 2590 quemad-

160 2617 292 2684 modum
312 2636 405 2683 causa
424 2617 552 2684 inferior
568 2595 712 2684 ³dicendo
731 2616 797 2683 lieri
824 2616 966 2703 superior
985 2625 1103 2703 posset.
1130 2615 1221 2698 Quod
1243 2618 1305 2683 cri-

160 2749 249 2814 men,
275 2749 455 2821 quanquam
470 2730 601 2797 Prodico
623 2729 804 2798 aCicerone
827 2729 959 2810 (utfere
973 2729 1101 2796 solitum
1127 2739 1177 2796 est
1194 2749 1306 2798 omnes

159 2850 216 2935 qui
231 2850 379 2936 sophistae
391 2848 550 2933 dicuntur,
564 2848 750 2937 promiscuis
760 2846 1031 2931 criminationibus
1043 2845 1266 2933 comprehendi
1276 2851 1303 2934 )‚

161 2962 317 3042 inferatur
328 2962 390 3048 (3),
408 2978 471 3030 non
486 2961 609 3043 meliori
632 2961 702 3048 jure
717 2981 790 3027 eum
805 2959 920 3046 premit
941 2980 1036 3047 quam
1052 2959 1226 3044 Socratem,
1252 2960 1302 3036 cui

160 3067 246 3143 idem
261 3075 300 3142 ab
312 3076 534 3162 Aristophane,
550 3075 718 3161 Melitoque
737 3073 894 3160 objectum
910 3083 960 3141 est
972 3074 1034 3160 (l).
1050 3072 1194 3140 Socrates
1216 3072 1303 3141 enim

160 3190 243 3277 apud
270 3166 433 3264 Platonem
457 3200 611 3255 memorat
632 3188 799 3256 Prodicum
822 3187 910 3272 olim,
941 3206 1037 3276 quum
1064 3205 1101 3253 ex
1128 3206 1162 3254 se
1183 3186 1305 3255 aurdirct

160 3307 214 3374 illa
236 3307 358 3393 Gorgiae
381 3307 536 3394 Tisiaequc
550 3285 719 3394 praeeepta,
737 3283 833 3372 valde
849 3304 957 3372 risisse
981 3304 1042 3390 (5).
1064 3303 1185 3371 Pariter
1203 3304 1300 3382 idem,

160 3419 187 3486 si
214 3420 283 3487 loco
309 3419 486 3486 Aristotelis
505 3422 677 3486 Rhetorice
695 3411 897 3506 probabiliter
913 3414 1057 3482 restituto
1080 3415 1174 3482 tidem
1196 3414 1305 3502 adjun-

160 3551 228 3618 gas,
253 3543 286 3599 et
301 3533 523 3621 Thrasymachi
538 3536 697 3618 fiduciam,
716 3542 747 3599 et
758 3529 930 3619 juvenilem
942 3528 1010 3595 Poli
1025 3532 1184 3613 impeturn,
1200 3531 1304 3606 nomi·-

199 3724 235 3792 (1)
256 3724 367 3780 Pboedr.
384 3724 453 3792 353,
470 3728 498 3780 C.

113 3845 115 3849 ·
199 3824 233 3892 (2)
255 3824 427 3894 Panepyrr'c‚
442 3837 468 3894 p.
486 3824 528 3886 13,
544 3823 617 3878 edit..
632 3827 727 3891 Anger,
752 3821 832 3884 1758.
854 3823 945 3892 tn-ta.
959 3850 993 3876 -,-.-
1011 3821 1134 3875 [tamdem
1146 3820 1301 3874 sententiam

158 3920 211 3976 nid.
228 3920 254 3974 in
268 3921 378 3990 longin.
399 3926 526 3990 Fretum..
550 3922 612 3986 edit.
635 3924 728 3990 Egger.
749 3921 881 3991 append.
896 3919 945 3990 at.
962 3933 989 3988 p.
1009 3917 1069 3980 nst.
1088 3916 1122 3971 de
1137 3930 1189 3986 qun
1210 3918 1300 3970 Noram

157 4018 262 4075 consul.
279 4033 305 4088 p.
322 4018 383 4076 nte.

198 4118 232 4187 (3)
256 4123 338 4173 Brut.
356 4133 416 4174 tut.
840 4149 842 4153 ·

200 4214 237 4282 (lt)
259 4214 393 4284 Aristoph.
408 4215 479 4272 llud.
498 4221 527 4272 V.
545 4217 615 4276 tuta
629 4226 655 4274 et
665 4233 742 4286 pass.
755 4234 762 4282 ;
775 4217 887 4288 -,ΡΙθῐ.ι
898 4219 1012 4285 apotoy.
1030 4213 1091 4277 357.
1108 4217 1138 4276 Β.
1151 4215 1183 4275 Ι),
1196 4214 1227 4277 Ε.

198 4313 232 4380 [5)
253 4314 366 4368 >Phrada
382 4314 443 4378 353,
459 4318 487 4375 C.
502 4317 534 4381 D.
