2946 4746
647 320 687 332 ...
706 292 739 348 54
765 295 804 331 .;

162 435 290 512 potuere
305 424 353 510 (d)
367 475 375 505 ,
391 421 434 487 ita
448 431 502 502 ut,
527 419 552 485 si
568 437 745 503 nouusque
766 435 827 502 qun
848 416 982 502 patuerit
1002 414 1177 503 intelligere
1188 417 1295 501 detur,

161 547 194 604 at
213 555 283 604 eam
304 535 442 604 adhunc
464 543 585 601 certum
604 530 853 618 praetinitumque
874 528 1094 598 uocabulorum
1117 550 1222 615 usum,
1248 534 1297 599 cui

161 647 348 735 praecipuam
362 641 563 732 impendebat
576 661 683 710 euram
697 640 863 725 Prodicus,
879 640 981 727 aliqua
1002 646 1089 728 parte
1112 641 1299 727 pertinuisse

163 763 314 831 videatur.
334 761 400 828 Illis
425 761 520 848 igitur
541 757 680 827 collectis
703 747 849 839 indiciis5
866 755 958 841 quale
980 755 1040 822 sibi
1063 754 1157 824 Ceius
1175 777 1301 845 compo-

163 877 262 946 suerit
283 874 408 948 direndi
424 894 536 961 genus,
552 873 584 938 in
601 871 672 959 plus
693 869 837 936 minusve
861 866 1014 936 mutilatis
1034 881 1088 937 aut
1107 870 1300 956 adulteratis,

163 1011 233 1078 quae
244 990 283 1057 ad
295 1010 354 1057 nos
367 985 585 1055 tantummodo
598 1003 789 1072 pervenere,
816 983 955 1070 reliquiis
975 982 1190 1070 inquiramus,
1208 997 1244 1054 ut
1262 1006 1301 1054 ex

163 1103 302 1170 confusis
327 1101 555 1186 attenuatisque
581 1096 767 1180 sonoribus,
791 1095 892 1184 qualis
913 1095 946 1162 in
970 1097 1136 1165 remotiore
1152 1098 1221 1166 loeo
1236 1100 1304 1167 effi·

163 1216 264 1284 eiatur
276 1225 466 1297 concentus,
482 1208 656 1298 intelligere
670 1209 810 1276 nitimur.
1162 1266 1183 1293 4

209 1332 244 1398 ln
256 1328 387 1396 Virtutis
397 1327 536 1396 oratione
546 1325 627 1412 apud
638 1323 880 1410 Xenophontem
895 1323 1049 1410 legimns:
1070 1333 1135 1395 «re
1146 1327 1250 1389 δ’ἅνσοι
1262 1334 1303 1388 n-

96 1524 102 1533 .
165 1454 242 1527 γοὺσῃ
261 1471 286 1507 τι
299 1451 455 1529 πισττνσειες
479 1449 516 1510 τίς
531 1439 587 1501 δ’θιν
609 1441 707 1520 δεομένῃ
726 1447 789 1506 τινὸς
808 1443 975 1519 ἐπαρκέσειεν;
991 1441 1006 1503 ή
1020 1443 1056 1505 τίς
1074 1435 1104 1497 ἂν
1120 1439 1146 1499 εὖ
1158 1453 1247 1521 φρονῶν
1261 1451 1305 1501 τοῦ

165 1563 211 1614 σοῦ
228 1561 313 1613 θιάσου
330 1556 470 1632 τολμήσειεν
490 1548 567 1621 εἶναί;
581 1551 604 1608 οἲ
624 1552 672 1607 νέοι
691 1551 734 1626 μέν
746 1547 813 1612 ὅντες
825 1557 878 1611 τοῖς
896 1553 1005 1626 σώμασιν
1022 1547 1138 1606 ἀδύνατοί
1149 1554 1207 1624 εἱσι,
1229 1572 1305 1626 πρεσ-

166 1665 264 1742 θθτεροι
274 1661 301 1719 δέ
316 1663 436 1739 γενόμενοι
450 1667 504 1722 ταῖς
521 1660 614 1733 ψυχαῖς
631 1657 747 1730 ἀνόητοι,
771 1657 867 1718 ’ἀπόνως
882 1657 925 1732 μὲν
939 1657 1037 1732 λιπαροί
1050 1654 1091 1711 διὰ
1106 1658 1218 1720 νεότητος
1232 1660 1305 1734 γερό·

166 1790 243 1846 μενοι,
263 1769 381 1830 ἐπιπόνως
401 1765 427 1821 δέ
446 1769 572 1842 αὐχμηροὶ
590 1762 631 1820 διὰ
646 1767 725 1839 γήρως
740 1772 870 1839 περῶντες,
886 1769 936 1823 τοῖς
951 1763 994 1838 μέν
1016 1765 1195 1839 πεπραγμένοις
1211 1764 1307 1838 αἰσχι-

166 1876 271 1953 νόμενοι,
286 1882 335 1936 τοῖς
347 1871 373 1929 δέ
388 1873 564 1950 πραττομένοις
576 1870 744 1947 βαρυνόμενοι,
758 1871 846 1944 τὰμὲν
862 1865 921 1928 ἡδέα
931 1870 954 1923 ἐν
967 1877 1000 1930 τῆ
1011 1870 1109 1930 νεότητι
1123 1866 1304 1945 διαδράμοντες,

168 1986 202 2036 τὰ
216 1979 243 2036 δέ
256 1983 357 2055 χαλεποὶ
378 1985 409 2042 εἰς
422 1982 451 2034 τὸ
468 1986 544 2054 γήρας
558 1977 708 2052 ἀποθέμενοι.
729 1965 797 2050 Ἐγὼ
818 1972 845 2029 δὲ
866 1976 959 2050 σύνειμι
969 1977 1012 2050 μὲν
1031 1978 1100 2048 θεοῖς,
1115 1977 1207 2051 σθνειμι
1220 1973 1246 2030 δὲ
1264 1977 1308 2030 ἀν·

168 2092 271 2165 θρώποις
285 2095 335 2150 τοῖς
345 2085 451 2162 ἂγαθοῖς·
463 2083 533 2162 ἔργον
544 2082 570 2139 δέ
582 2083 654 2140 καλὸν
663 2081 721 2139 οὕτε
730 2085 789 2138 θεέον
798 2079 855 2137 οὗτε
868 2072 1012 2158 ἀνθρώπινον
1025 2088 1101 2159 χωρὶς
1116 2084 1173 2160 ἐμοῦ
1185 2087 1305 2160 γίγνεται.

170 2204 283 2272 Τιμῶμαι
296 2191 322 2248 δέ
335 2194 444 2268 μάλιστα
453 2195 550 2263 πάντων
560 2195 601 2245 καὶ
616 2194 686 2266 παρὰ
698 2187 757 2250 θεοῖς
773 2193 814 2242 καὶ
824 2192 893 2264 παρὰ
903 2189 1044 2275 ἀνθρώποις,
1059 2186 1096 2252 οἷς
1107 2194 1232 2267 προσήκει,
1247 2193 1308 2267 αγα-

169 2306 238 2363 πητή
251 2303 293 2378 μέν
306 2302 419 2376 συνεργὸς
434 2300 569 2372 τεχνίταις,
590 2300 669 2356 πιστή
681 2293 707 2350 δέ
721 2295 798 2370 φύλαξ
808 2293 878 2349 οἴκων
898 2293 1041 2370 δεσπόταις,
1057 2301 1153 2373 εὐμενής
1167 2296 1192 2352 δέ
1205 2320 1307 2374 παρασ-

171 2414 242 2472 τάτις
255 2408 370 2479 οἰκέταις,
385 2409 463 2482 ἀγαθή
476 2403 502 2459 δέ
524 2404 678 2480 συλλήπτρια
693 2411 741 2457 τῶν
758 2402 838 2477 εἰρήνῃ
852 2394 940 2474 πόνων,
964 2403 1052 2477 βιθαέα
1066 2401 1092 2458 δέ
1110 2413 1157 2459 τῶν
1170 2407 1193 2460 ἐν
1213 2406 1309 2481 πολέμῳ

170 2519 303 2593 σύμμαχος
314 2511 402 2590 ἔργων,
417 2514 507 2588 ἀρίστη
522 2508 548 2564 δὲ
560 2511 636 2586 γιλέας
649 2510 767 2571 κοινωνός.
786 2521 800 2557 d
815 2499 862 2582 (ᾖ)

217 2611 360 2678 Profecto
380 2629 474 2676 nemo
490 2620 539 2677 est
557 2608 609 2695 qui
621 2609 734 2677 inistis
748 2611 900 2679 talibusne
918 2630 980 2677 nnn
996 2619 1144 2696 agnoscat
1156 2608 1310 2675 curiosam

114 2757 118 2762 ⁴
171 2728 259 2794 iliam
273 2737 305 2793 et
319 2725 407 2812 quasi
421 2724 620 2792 fabrefactam
634 2725 843 2793 elocutionem
860 2736 919 2813 qna
934 2706 1096 2812 tantopere
1111 2723 1310 2791 delectaban-

172 2854 225 2911 tur
239 2851 355 2910 teretes
365 2841 578 2928 religiosaeque
590 2840 831 2909 Atheniensium
846 2862 953 2925 aures,
977 2851 1010 2907 et
1024 2860 1118 2928 quam
1140 2840 1207 2928 ipse
1229 2840 1311 2907 invi-

173 2950 267 3019 debat
280 2949 429 3037 Gorgias,
447 2969 590 3017 summus
613 2949 666 3017 ille
689 2949 812 3018 dicendi
832 2951 958 3034 artifex,
985 2961 1089 3037 aptam
1109 2962 1140 3018 et
1155 2952 1242 3037 quasi
1258 2972 1311 3018 ro-·

215 3189 253 3260 tt)
275 3190 403 3259 Spengel,
417 3191 478 3245 Art.
493 3187 593 3257 scrip..
611 3203 637 3258 p.
652 3187 700 3251 50,
713 3193 773 3260 sqq.
794 3189 868 3245 Locis
880 3203 896 3244 a
908 3187 1013 3246 doctiss
1029 3186 1215 3258 investigatum
1231 3190 1314 3246 attaris

176 3285 287 3360 plurima
297 3285 395 3342 addere
407 3283 466 3343 ticet
475 3299 534 3356 quae
547 3284 586 3341 uel
597 3283 688 3342 leuiter
699 3284 860 3354 Thucydidis
869 3285 950 3343 libros
962 3287 1142 3344 evolventibus
1155 3297 1313 3359 occurrere

176 3393 206 3442 ut
221 3383 280 3441 ilbi.
296 3386 324 3448 l,
339 3383 393 3440 [122
411 3401 423 3432 ε
444 3389 489 3432 Καὶ
500 3387 533 3447 μὴ
548 3385 627 3447 νομίοη
641 3381 721 3432 δίκαιοι
731 3385 773 3445 μέν
782 3383 839 3434 τάδε
851 3386 964 3458 λέγεσθαι,
978 3385 1086 3453 ξὺμροροι
1098 3385 1132 3448 δέ,
1151 3390 1172 3435 εὶ
1192 3364 1317 3450 πολεμήσει

143 3485 146 3490 ’
176 3487 238 3534 ἄλλα
251 3482 320 3532 εἶναι·
336 3485 362 3531 τό
375 3484 455 3547 τεγὰρ
466 3481 586 3548 οὺμρερον,
596 3473 620 3528 έν
634 3474 691 3547 ᾧᾶν
699 3499 734 3536 τις
744 3483 852 3545 ἐλάχιστα
860 3483 1001 3551 ἁμαρτάνοι,
1013 3484 1114 3544 μάλιστα
1122 3486 1199 3534 ἕπεται
1223 3490 1251 3538 et
1262 3481 1314 3540 77:

177 3578 326 3642 Αθιιιούμενσί
341 3595 377 3637 τι,
392 3577 421 3630 ὡς
434 3577 513 3635 έοοιον,
530 3577 552 3624 οἱ
564 3577 679 3642 ἂνθρωποι
689 3578 779 3639 μᾶλλον
790 3579 921 3644 ὀργίζονται
931 3581 947 3631 ἥ
959 3581 1196 3643 progenerandum
1210 3583 1255 3648 γὰρ
1268 3579 1316 3630 ἀπὸ

177 3676 218 3722 τοῦ
238 3677 288 3722 ἴσον
310 3671 372 3721 δοκεῖ
392 3672 583 3721 πλεονεκτεῖσθαι·
606 3672 633 3718 τὸ
652 3668 676 3718 δέ
694 3666 741 3721 aiud
757 3675 798 3719 τοῦ
816 3669 943 3739 apsis-:aios
959 3670 1174 3736 καταναγκάζεσθαί
1192 3692 1204 3722 ε
1219 3680 1247 3728 ei
1268 3675 1316 3738 Ill,

177 3768 229 3827 1⁸2:
250 3788 262 3817 ι
278 3773 371 3831 Νομίζω
382 3765 407 3815 δέ
425 3765 465 3814 δὺο
485 3768 514 3813 τὰ
530 3764 688 3827 ἰναντιώματα
703 3769 810 3830 deontia
824 3766 893 3828 εἶναι,
906 3770 978 3833 τάχος
990 3787 1015 3818 τε
1031 3771 1070 3817 καὶ
1085 3774 1162 3837 ὀργήν·
1177 3770 1207 3818 ὦν
1224 3775 1250 3819 τὸ
1266 3774 1317 3835 μὲν,

177 3857 310 3930 μετ’ἀνοέας
324 3868 384 3933 print
392 3865 514 3929 γίγνεσθαι,
527 3867 554 3914 τὸ
563 3863 596 3926 δέ,
606 3867 669 3926 μετὰ
681 3862 830 3919 ἀπαιδευσίας
840 3865 880 3912 καὶ
891 3864 1030 3931 θραχθτητος
1038 3870 1135 3928 γνώμης.
1158 3886 1170 3916 ο

215 3963 309 4019 Nonne
327 3958 383 4014 haec
397 3967 448 4015 tam
460 3967 583 4015 accurate
603 3957 723 4015 uisuncn
735 3966 780 4015 aut
791 3959 1055 4026 cenatiuncula,
1074 3962 1160 4033 quarta
1175 3963 1231 4021 tere
1246 3965 1316 4035 apud

179 4055 399 4115 neminenalium
410 4053 542 4120 invenias,
553 4054 580 4111 in
592 4055 879 4114 memoriamrevocaut
894 4057 963 4115 illan
975 4058 1080 4116 dicendi
1099 4062 1316 4119 consuetudinem

179 4169 258 4227 quam
270 4155 384 4226 quadum
398 4151 562 4210 cauillatione
574 4153 702 4224 expressit
714 4153 787 4211 Plato
800 4155 826 4212 in
839 4161 1017 4228 Prosocero,
1040 4166 1067 4214 et
1079 4157 1140 4216 alibi
1152 4161 1165 4215 t

222 4259 256 4326 (t)
279 4244 456 4313 Mernorabt'l.
471 4255 509 4318 ll,
529 4268 555 4318 ι,
570 4253 661 4310 tal-dia
