2946 4746
670 364 809 394 ,4.-

212 464 358 564 ,lttamep
371 465 477 530 mulce
499 479 587 532 erant
601 488 702 532 causae
716 488 772 534 cur
788 470 1046 558 philosophorum
1058 477 1194 544 historice
1210 483 1310 567 serip-

166 587 249 642 tores
261 589 417 649 carerent,
434 599 473 644 ne
487 601 524 646 ea
540 582 663 647 leuitate
676 583 742 648 hae
756 584 932 668 pmmiscua
948 589 1043 655 tantis
1066 591 1141 657 riris
1158 593 1308 661 inferrent

164 691 316 758 crimina:
341 693 459 760 scilicet
475 696 635 761 nonnullis
648 696 758 778 iidem,
784 697 838 783 qui
854 697 987 783 Socrati,
1002 703 1155 770 atltersati
1173 720 1259 777 sunt.
1276 724 1309 775 et

163 808 278 872 ceteris
289 807 452 874 comoedite
466 822 577 894 poetae,
593 811 815 896 etquicunque
838 813 948 898 priseae
970 815 1104 884 civitatis
1119 819 1227 885 lormce
1244 834 1309 888 stu-

163 920 243 987 diosi
257 934 358 1003 erant,
382 943 514 1007 quorum
525 934 560 989 ut
574 922 614 989 de
627 924 688 990 hoc
707 924 886 992 rescindere
909 931 1098 996 sententiam
1124 934 1238 1019 placet,
1264 939 1308 1003 ita

161 1033 275 1100 deillis
288 1033 371 1100 nolis
392 1038 589 1102 conlirmare.
611 1036 738 1102 Etenim
752 1037 786 1102 in
799 1038 872 1105 illes
885 1061 1010 1127 quoque
1035 1044 1146 1111 eadem
1169 1048 1306 1129 ratione,

161 1148 275 1215 iisdem
290 1148 330 1214 de
342 1148 446 1215 causis
459 1160 552 1234 atque
565 1149 598 1214 in
612 1149 773 1217 Socratem
786 1152 882 1219 exilio
900 1166 932 1221 et
952 1168 1055 1224 morte
1075 1160 1217 1226 saevitum
1244 1177 1304 1229 est.

159 1262 243 1328 Num
261 1262 503 1329 Atheniensium
517 1262 633 1348 legem,
646 1263 701 1329 ubi
723 1265 755 1330 in
774 1266 890 1333 alteros
909 1269 1178 1351 animadvertitur,
1197 1287 1230 1339 ut
1245 1277 1305 1341 uti-

160 1375 224 1442 lem
247 1388 279 1441 et
289 1375 406 1461 justam
422 1374 581 1460 probabis,
601 1376 758 1457 eamdem,
781 1377 808 1443 si
824 1377 970 1445 Socrates
984 1380 1096 1447 eodem
1111 1382 1242 1448 crimine
1257 1396 1305 1450 te-

158 1503 282 1572 neatur,
298 1501 333 1556 ut
342 1489 548 1575 perniciosam
561 1489 711 1576 injustam
724 1511 785 1576 que
800 1490 1019 1558 detestahere?

202 1607 243 1671 At
253 1603 414 1670 Socratem
428 1603 496 1689 jam
511 1603 643 1686 dudum,
656 1603 762 1670 dennd
772 1605 968 1672 considerata
981 1626 1086 1690 eausa,
1102 1607 1302 1676 ahsolremnt

157 1718 287 1804 posteri,
300 1730 332 1784 et
344 1716 464 1783 civibus
479 1717 556 1804 ipsis
576 1717 659 1783 haud
671 1717 765 1803 longa
785 1718 844 1784 luit
864 1739 951 1785 mora
974 1720 1063 1806 quin,
1088 1723 1217 1789 mutatis
1228 1744 1302 1810 par

156 1834 252 1916 tibus,
280 1835 313 1899 in
333 1833 489 1920 judicium
513 1845 709 1901 accusatores
731 1836 920 1902 vocaverint.
946 1836 1033 1903 ldem
1057 1838 1097 1905 de
1111 1840 1299 1924 quibusdam

156 1951 240 2017 inter
252 1948 394 2036 ejusdem
414 1949 565 2034 temporis
589 1949 749 2035 sapientes
771 1949 816 2015 ita
837 1950 904 2015 fieri
927 1951 1040 2036 potuit,
1057 1964 1092 2018 ut
1119 1954 1232 2020 eodem
1245 1955 1300 2041 ju-

154 2063 249 2140 dicio,
272 2083 373 2148 neque
397 2062 521 2128 meliori
543 2060 614 2147 jure
629 2061 865 2145 damnarentur,
879 2082 1058 2149 quanquam
1072 2066 1104 2131 in
1124 2086 1180 2133 eos
1198 2067 1297 2153 pejori

154 2178 276 2244 fortuna
298 2197 373 2243 usos
384 2187 417 2242 et
431 2175 568 2242 Socratis
584 2175 689 2260 (quod
702 2175 917 2242 miserrimum
930 2185 1002 2265 est)
1016 2178 1170 2262 inimicis,
1184 2181 1297 2248 iisdem

154 2306 187 2360 et
197 2292 276 2373 suis,
291 2303 514 2358 annumeratos
525 2302 721 2377 posterorum
732 2289 898 2356 invaluerit
913 2290 1021 2358 odium
1043 2305 1074 2359 et
1086 2298 1290 2381 contemptio.

152 2405 301 2474 Cetemm
312 2416 344 2470 et
353 2404 413 2470 hoc
421 2402 523 2469 obiter
535 2401 711 2468 notandum
723 2400 846 2467 nullum
855 2421 893 2467 ex
908 2403 1045 2488 egregiis
1058 2394 1126 2470 illis
1138 2405 1296 2491 Sophistis

152 2521 261 2609 quales
279 2520 365 2585 luere
387 2529 419 2584 et
445 2516 590 2601 Gorgias
610 2526 643 2581 et
659 2514 858 2600 Protagoras,
873 2526 905 2581 et
923 2515 1085 2599 Prodicus,
1107 2530 1139 2583 et
1152 2518 1294 2604 Hippias,

152 2634 312 2702 ullaseum
322 2631 449 2698 Socrate
457 2627 640 2695 inimicitias
650 2646 789 2713 unquam
798 2627 946 2713 gessisse,
962 2630 1146 2714 atqueinter
1158 2630 1227 2716 ejus
1238 2633 1295 2696 n'ri

151 2759 348 2816 accusatores
362 2741 531 2810 recenseri.
543 2740 668 2808 Scilicet
679 2739 755 2822 iltis,
772 2750 807 2805 nt
820 2739 946 2820 ceteris,
959 2760 1063 2808 errare
1076 2742 1200 2823 accidit,
1221 2744 1291 2821 sed,

152 2874 188 2929 ut
200 2859 328 2947 egregio
340 2856 490 2923 animoet
502 2866 608 2922 mente
620 2853 745 2940 egregia
769 2853 869 2934 luere,
886 2872 924 2918 ea
948 2852 1084 2920 libenter
1101 2854 1294 2942 dephilnso-

152 2976 226 3063 phia
248 2974 297 3041 vel
318 2971 449 3052 acn'ura,
462 2990 531 3056 qnae
541 2968 705 3054 descripsit
720 2968 821 3051 Plato,
840 2967 1052 3055 suscipiebant
1064 2970 1248 3053 certamina,
1263 2983 1295 3037 et

151 3087 314 3156 victoriam
325 3082 506 3154 adversarii,
518 3081 602 3168 quod
613 3101 696 3167 aegre
711 3082 792 3148 lerre
813 3082 917 3149 solent
933 3102 1058 3165 omneS,
1079 3102 1170 3168 ecquo
1187 3083 1294 3150 animo

150 3205 336 3292 plerumque
349 3195 589 3266 confitebantur.
604 3195 725 3262 Horum
742 3207 849 3263 autem
871 3196 990 3281 aliquot
1010 3197 1154 3272 extitere,
1172 3198 1294 3264 sicutet

154 3316 291 3385 Socratis
315 3313 432 3401 ipsius,
458 3308 603 3396 discipuli
621 3310 688 3396 qui,
714 3330 812 3396 quum
831 3309 911 3375 amit
929 3321 1104 3395 quererent
1125 3311 1186 3376 nisi
1209 3309 1293 3376 unde

151 3430 246 3516 vulgo
258 3426 426 3496 evaderent
437 3421 627 3510 superiores,
640 3422 718 3488 satis
732 3420 891 3488 habebant
900 3421 1042 3488 doctrina
1058 3423 1166 3488 leuiter
1179 3421 1290 3496 imbui,

151 3555 313 3627 artemque
331 3535 500 3606 oratoriam
516 3534 551 3624 in
571 3534 683 3622 primis
700 3534 846 3622 amplecti
860 3554 922 3621 qua
935 3535 995 3601 uiae
1008 3554 1156 3620 armaque
1177 3534 1237 3600 sibi
1259 3535 1291 3598 in

151 3666 298 3746 promptu
321 3652 445 3719 tierent.
467 3647 541 3716 istis
561 3648 658 3735 igitur
681 3647 753 3734 jure
775 3648 1002 3736 imponendum
1026 3659 1074 3714 est
1093 3667 1210 3714 nomen
1234 3647 1293 3713 So-

151 3771 350 3850 phialarum:
365 3775 504 3831 attamen
526 3782 633 3830 reram
644 3761 831 3849 sapientiam
845 3782 981 3848 vereque
994 3762 1169 3848 sapientem
1189 3761 1292 3848 perosi

151 3894 206 3951 aut
218 3877 393 3966 dedignati,
407 3875 486 3942 nihil
499 3875 534 3941 in
547 3873 617 3962 ejus
626 3874 758 3942 exitium
772 3874 984 3942 contulerunt.

193 3995 270 4063 Mihi
288 3992 417 4081 quidem
437 3990 472 4057 in
486 3988 593 4056 animo
614 3998 889 4073 nonestquaerere
903 4008 1057 4075 quosnam
1069 3988 1226 4074 sophistas
1235 3988 1293 4053 hac

150 4106 291 4178 nominis
302 4103 433 4172 infamia
449 4102 564 4170 merito
585 4100 714 4186 adicias,
738 4100 853 4187 quibus
872 4113 1056 4168 autemnon
1073 4100 1175 4185 magis
1195 4099 1293 4166 dede-

60 4192 64 4203 *
150 4204 215 4293 aori
228 4217 426 4291 essedebeat
435 4235 530 4304 quam
541 4215 600 4282 luit
611 4213 931 4302 Soloni,Pythagorae
941 4214 1116 4300 ceterisque
1124 4213 1236 4300 priscis
1245 4231 1294 4279 sa-
1326 4212 1344 4225 ”

38 4384 79 4464 't
147 4334 321 4429 pientibnu,
335 4352 417 4421 quos
427 4341 552 4400 constat
565 4330 626 4397 lioc
643 4327 795 4397 vocabulo
815 4329 884 4396 sine
898 4328 980 4415 turpi
1005 4339 1080 4395 nota
1100 4328 1196 4395 luisse
1208 4327 1294 4394 desi·
