2946 4746
658 336 698 350 ..
720 309 757 366 gg
777 338 817 349 ..

163 454 232 500 rum
246 435 383 522 mythice
396 434 651 520 interpretatione
662 435 861 502 commiscuit
877 435 938 520 (1).
959 436 998 500 A.
1016 434 1231 519 Prudentius,
1252 437 1311 503 iis*

162 544 236 612 dem
250 546 338 631 quasi
357 545 571 612 fundamentis
584 546 766 633 ingentem,
786 565 879 631 quam
902 545 935 610 in
956 548 1204 629 Pspcbomecltio
1221 548 1312 615 evol-

160 657 223 740 vit,
241 658 421 744 allegoriam
434 658 617 726 aedilrcarit:
635 669 718 724 certe
733 657 876 744 quadam
896 657 934 723 ad
949 659 1096 725 eumdem
1112 658 1307 746 depingendi

160 771 227 838 vitii
242 772 373 838 modum
385 772 563 858 pertinent,
579 773 703 859 qualem
719 793 753 838 se
766 772 846 858 gerit
871 772 1007 838 Luxuria
1024 821 1030 848 ‚

307 912 430 968 Delibutn
443 926 547 976 comas.
559 913 641 968 oculis
654 927 733 980 vaga.
746 912 869 981 languido
879 926 965 973 voce.

307 1010 408 1066 Perdita
420 1011 529 1075 deliciis,
541 1009 598 1066 vitae
608 1011 649 1065 cni
669 1026 747 1066 causa
762 1012 894 1080 voluptas,
909 1019 962 1065 etc.
1038 1061 1041 1065 ,
1157 1022 1160 1029 ’

159 1134 228 1202 [liv.
242 1133 427 1200 Ambrosius
445 1134 585 1200 Philonis
598 1134 753 1219 imagines
767 1144 889 1201 tantum
902 1134 1134 1217 reminiscitur,
1151 1147 1202 1219 et,
1219 1137 1308 1203 mul-

161 1248 202 1314 tis
217 1247 346 1330 recisiS,
367 1248 462 1319 latine
476 1248 571 1314 vertit
593 1248 663 1334 (2),
678 1258 782 1314 narrat
805 1248 998 1334 Augustinus
1024 1270 1117 1315 suum
1142 1270 1209 1335 quae
1233 1270 1308 1335 pro-

160 1362 245 1427 cellae
256 1361 417 1444 vexarint,
435 1362 487 1448 qni
503 1362 694 1428 alternantes
711 1362 794 1428 venti
815 1361 998 1446 impulerint
1018 1363 1160 1429 animum
1177 1363 1216 1429 de
1237 1364 1308 1430 ins-

160 1474 300 1541 tituenda
323 1475 386 1542 vita
409 1459 636 1542 deliberantem
652 1473 689 1558 (3)
702 1505 710 1560 3
725 1473 881 1560 quomodo
893 1474 927 1547 in
942 1486 1049 1541 mente
1064 1475 1223 1541 colluctati
1241 1475 1308 1564 sint
1406 1497 1409 1502 ’

159 1587 288 1674 spiritus
300 1599 332 1653 et
343 1608 414 1655 caro
427 1588 489 1675 (1).
507 1588 545 1654 D.
562 1588 736 1654 Bernartius
748 1587 897 1653 describit
918 1588 1093 1673 voluptates
1107 1609 1177 1674 qnae
1201 1588 1323 1655 solent·

157 1701 191 1767 in
217 1702 338 1768 occulto
364 1702 522 1785 insidiari,
547 1702 635 1787 quasi
657 1701 800 1787 quaedam
816 1696 1021 1767 fraudulentae
1045 1701 1217 1786 vulpeculae
1238 1703 1304 1789 (5),

158 1814 232 1881 alibi
252 1827 361 1882 mouet
375 1835 539 1881 careamus
553 1815 739 1881 Daemonnm
754 1814 831 1897 rias,
848 1833 1023 1899 quaeramos
1037 1823 1143 1881 autern
1157 1834 1227 1900 quae
1241 1816 1308 1882 sint

159 1938 338 1994 sanctorum
356 1928 550 2015 Angelorum
568 1927 627 1993 viae
641 1927 703 2010 (6).
1290 1993 1292 1997 ,

203 2042 315 2108 Postea
329 2061 393 2108 non
409 2040 535 2130 deluere
548 2041 600 2127 qui
616 2040 738 2108 Prodici
759 2040 868 2106 sabulae
892 2040 1113 2124 meminerint,
1132 2053 1164 2107 et
1187 2041 1307 2108 miron·-

157 2154 236 2221 tium
252 2173 413 2240 nunquam
427 2153 600 2239 interrupta
615 2153 712 2220 serios
722 2163 782 2220 est.
797 2152 932 2220 Videndi
943 2164 1016 2220 sunt
1028 2153 1110 2220 inter
1122 2155 1229 2240 plures
1240 2153 1306 2220 Lil.

159 2268 312 2355 Gyraldus
325 2266 359 2332 in
372 2268 522 2332 Historiae
536 2269 674 2332 Deorum
684 2278 881 2350 spotopotote
894 2267 922 2333 X
935 2277 966 2333 et
980 2268 1152 2353 praesertim
1170 2268 1203 2333 in
1217 2270 1307 2335 Her-

120 2466 123 2470 *
159 2384 236 2446 cells
253 2384 323 2447 Vita
334 2382 376 2466 (7)
387 2354 496 2466 (11111.
523 2379 633 2462 Vives,
649 2379 702 2466 qui
715 2379 840 2455 inlibro
852 2383 897 2445 Dc
911 2359 1045 2446 Ratione
1058 2383 1192 2446 discendi
1204 2393 1233 2446 et
1247 2385 1305 2447 do-

158 2499 246 2563 cendi
257 2495 423 2562 Herculem
436 2493 615 2561 Prodicium
628 2494 808 2579 exemplum
822 2493 911 2559 affert
921 2492 1140 2579 descriptionis
1150 2493 1189 2560 ad
1199 2514 1306 2562 mores

158 2609 345 2694 pertinentis
367 2608 430 2689 (8).
451 2608 608 2675 Eumdem
626 2608 755 2674 laudant
768 2606 897 2673 Gerard.
915 2607 1044 2674 Vossius
1058 2608 1091 2673 in
1113 2619 1245 2676 tractatu
1259 2613 1306 2676 Dc

158 2723 331 2788 Rhetorice
346 2733 466 2787 notura
486 2733 516 2787 ct
530 2724 763 2802 constitutione,
789 2728 881 2804 atque
905 2720 1031 2788 Heuric.
1065 2721 1244 2807 Stephanus
1271 2723 1306 2789 in

157 2836 321 2922 praemissa
344 2837 531 2901 catechismo
545 2911 550 2918 ,
566 2835 733 2901 Gcoeeeosi
759 2852 860 2918 graece
894 2834 1044 2902 translato
1073 2834 1303 2905 adhortatione.

157 2948 314 3014 Praetcrea
339 2947 467 3035 produci
498 2957 630 3033 possunt
652 2945 849 3029 Borrichius,
871 2944 1083 3031 Camerarius,
1109 2948 1260 3034 Stigelius
1274 2959 1307 3016 et

159 3060 198 3127 G.
216 3051 409 3144 Cossartius,
423 3059 552 3147 jesuita,
575 3079 708 3146 quorum
724 3059 777 3126 ille
798 3069 897 3145 graeco
911 3057 975 3143 (9),
992 3060 1025 3125 bi
1042 3070 1105 3127 tres
1119 3061 1217 3129 latino
1234 3082 1305 3130 car-

157 3157 244 3243 mine
260 3175 372 3245 eadem
387 3175 579 3263 descripsere
594 3174 676 3260 (16).

202 3362 237 3435 (1)
257 3363 372 3417 Luctum.
385 3361 507 3417 Firmino.
523 3359 651 3417 institut.
665 3375 706 3422 vr.
725 3359 752 3425 3,
765 3360 792 3415 b.
811 3360 858 3414 Ubi
872 3360 907 3416 cl.
920 3362 994 3417 Serv.
1010 3361 1042 3415 ad
1056 3364 1165 3418 AEnet'd.
1180 3379 1224 3428 rr,
1241 3367 1309 3424 186-

160 3459 220 3514 295.
238 3458 285 3513 llic
298 3458 375 3513 etiam
389 3458 502 3513 somniat
512 3472 620 3513 aureum
635 3437 735 3512 rarn‘nm
747 3457 856 3527 duplicis
868 3457 970 3513 vivendi
982 3474 1075 3515 cursus
1085 3475 1143 3515 esse
1153 3459 1304 3530 imaginem.

199 3557 232 3624 (1)
255 3560 297 3610 De
309 3559 393 3611 Cain.
407 3564 434 3610 et
448 3557 525 3613 Abel.
541 3544 844 3624 l.l1-5.-(8)Confess.
861 3556 901 3615 vl.
916 3555 1036 3624 ll.-·[bl
1049 3555 1115 3612 lbid.
1133 3571 1193 3624 vrrr,
1209 3558 1303 3618 10-11.
1362 3577 1365 3584 ’

197 3652 232 3719 (5)
252 3655 344 3708 serm.
361 3655 448 3709 1.er
459 3652 489 3708 in
501 3653 613 3710 cantic.
627 3651 694 3707 Edit.
712 3655 744 3707 D.
759 3645 893 3717 blabillon.
910 3662 927 3709 t.
944 3654 1062 3719 816811.
1082 3657 1163 3712 Paris.
1182 3672 1303 3722 uncum,

158 3745 231 3802 i·ul⁰.
391 3766 394 3771 ·

196 3844 229 3913 (6)
251 3849 342 3908 Serm.
354 3848 393 3900 Xl
408 3845 438 3899 in
450 3847 553 3912 psalm.
577 3867 588 3894 e
603 3845 662 3915 Qui
673 3846 796 3910 dabitat.
812 3855 876 3910 etc..
891 3865 903 3901 r
917 3855 934 3903 t.
948 3850 968 3903 Ι.
984 3845 1045 3903 858.

194 3940 227 4009 (7)
251 3946 283 3996 Τ.
300 3943 325 4005 l,
340 3941 366 3996 iu
383 3941 412 4006 l..
427 3941 489 3998 316.
506 3969 538 3980 -
554 3947 638 3998 Herc.
655 3943 709 3998 Vit.
726 3956 752 4012 p.
771 3922 1190 4006 10.in-ta.nas11.u.u.mrx.'

194 4037 227 4105 (8)
251 4038 327 4093 basil.
342 4051 471 4092 nomm.
484 4052 510 4107 p.
525 4037 593 4103 175,
611 4039 742 4095 11112.-
760 4040 796 4109 (9)
818 4041 897 4109 lugd.
915 4045 1004 4098 butor.
1022 4043 1107 4107 1595.
1127 4044 1210 4101 tri-eo.

195 4134 246 4203 (16)
268 4137 401 4190 Camerar.
425 4138 562 4202 Praecept.
596 4136 763 4191 Honestott's
790 4144 876 4209 atque
894 4141 1013 4194 Decoris
1035 4141 1140 4210 puerit.
1165 4168 1197 4180 —
1212 4141 1304 4212 Stigel.

155 4238 281 4288 poemat.
295 4232 345 4287 vol.
359 4232 393 4295 ll,
412 4229 457 4286 lb.
471 4246 507 4286 rv.
520 4231 587 4300 eleg.
601 4231 629 4287 8.
640 4263 672 4272 -
686 4233 767 4289 Gabr.
785 4235 898 4291 Cossart.
917 4237 1066 4293 Carmina.
1082 4235 1165 4301 Puris.
1181 4252 1304 4306 uocxcx,
1331 4220 1338 4237 '
