2946 4746
651 282 809 349 ..(7..

205 416 286 487 llinc
306 392 411 486 aulem
438 411 513 504 quid
535 417 716 503 significarit
739 418 957 504 Epicharmus
982 415 1056 502 quid
1079 416 1212 484 soluerit
1236 413 1301 505 ipso

161 535 310 605 Prodicus
335 533 410 600 satis
433 543 569 620 apparet.
591 532 702 599 Nonne
724 532 809 599 idem
832 550 927 617 quam
948 530 1031 616 quod
1057 531 1228 625 Sophocles
1251 536 1299 621 (1)

162 648 358 734 paucioribus
379 647 492 714 cecinit
518 645 642 712 verbis:
663 653 768 728 ἡχάρις
783 655 857 726 χάριν
870 651 943 726 φέρει,
962 643 1120 730 quodque,
1143 644 1302 713 Ciceronis

162 759 265 827 verbis
288 759 456 847 usurpatis,
479 758 580 825 libens
602 758 647 825 sie
669 769 809 826 vertam:
839 757 954 824 «Nihil
979 770 1086 826 mutua
1109 760 1249 828 bonitate
1270 774 1302 830 et

161 872 365 946 benelioentia
389 894 459 940 esse
479 873 593 940 melius
611 883 664 939 aut
682 873 880 959 prestantius
902 873 1096 942 hominibus.
1116 901 1131 935 »
1148 875 1210 960 (2).

205 988 274 1054 lam
283 986 472 1073 antem-qnid
482 986 593 1053 attinet
605 985 724 1052 diluere
734 986 853 1052 crimen
868 986 952 1074 quod
960 986 1111 1074 jactatum
1123 1001 1172 1056 est
1183 991 1215 1055 in
1229 992 1307 1060 Pro-

163 1100 280 1184 dicum,
292 1120 365 1168 eum
381 1097 708 1186 pravisvoluptatihns
721 1093 862 1166 deditum
878 1100 997 1168 luisse?
1011 1092 1046 1168 ld
1061 1102 1146 1169 enim
1165 1104 1219 1190 qui
1234 1126 1303 1172 me-

162 1215 380 1302 moravit,ipse
389 1215 605 1301 Aristophanis
613 1214 779 1300 interpres,
787 1210 899 1281 lalsnrn
908 1235 977 1282 esse
987 1232 1110 1304 quoqne
1120 1220 1303 1303 notavit(3),

164 1341 196 1396 et
205 1330 286 1417 apud
300 1349 397 1395 unum
407 1329 630 1395 Philostratum
640 1326 744 1410 (lirix
758 1327 874 1414 aliquid
888 1328 983 1416 hujus
996 1331 1149 1416 criminis,
1160 1343 1192 1400 et
1201 1336 1305 1402 verbis

164 1452 371 1524 attenuatum,
397 1451 556 1528 superest3
588 1456 690 1527 neque
715 1451 789 1508 sunt
813 1453 966 1522 ueterum,
993 1453 1047 1509 aut
1072 1445 1223 1525 Platonis,
1252 1461 1305 1515 ant

164 1555 393 1642 Xenophontis,
415 1565 468 1620 ant
483 1554 582 1640 ipsius
604 1554 821 1640 Aristophanis
837 1555 900 1622 ulla
915 1555 1108 1624 testimonia.
1125 1559 1208 1627 Satis
1229 1581 1304 1649 ergo

165 1672 206 1738 sit
228 1671 320 1738 nohis
341 1679 482 1758 repetere
500 1670 583 1757 quod
608 1689 700 1757 supra
724 1671 808 1736 haud
831 1671 929 1738 semel
954 1672 1102 1757 diximus,
1120 1695 1155 1742 ea
1181 1669 1304 1745 infirma

165 1785 342 1853 valetudine
368 1784 465 1850 fuisse
487 1782 674 1865 Prodicum,
703 1803 771 1871 quae
797 1803 860 1851 non
890 1784 1038 1853 libidines
1064 1796 1241 1876 pateretur3
1272 1803 1312 1858 et·

165 1899 327 1966 Platonem
348 1909 462 1966 testem
482 1898 648 1978 adducere,
667 1898 719 1985 qui
737 1898 830 1984 paulo
846 1909 1010 1985 postquam
1030 1901 1120 1967 illum
1139 1904 1172 1968 in
1191 1906 1306 1974 Prota-

164 2033 243 2097 qoro
267 2014 408 2096 induxit,
434 2013 629 2080 mentionem
650 2011 723 2079 iacit
748 2012 910 2080 Pausaniae
938 2012 970 2079 in
1006 2009 1127 2082 deliciis
1159 2012 1305 2087 habentis

164 2128 361 2213 agathonem
376 2146 510 2213 quocum
533 2122 690 2193 assidebat
712 2125 893 2212 proximisa
914 2126 1045 2194 Prodico
1060 2127 1223 2214 sedilibus,
1248 2133 1304 2200 sed

165 2259 319 2326 nusquam
341 2238 457 2305 indicat
479 2248 555 2305 eunt
568 2237 727 2305 amoribus
749 2238 817 2305 istis
832 2238 929 2305 luisse
949 2237 1102 2323 deditum,
1126 2241 1252 2328 quihus,
1278 2247 1305 2313 si

164 2352 324 2419 nonnullis
337 2351 482 2419 habenda
496 2351 586 2434 idea,
602 2350 701 2419 nimio
715 2351 786 2438 plus
801 2351 868 2438 ipse
882 2346 1065 2438 indulgebat
1080 2353 1224 2424 Socrates
1239 2360 1301 2443 (5).

164 2463 241 2542 lmo,
256 2465 401 2552 inprimis
413 2485 476 2532 non
488 2464 595 2533 minus
605 2465 644 2531 de
656 2465 743 2552 puris
756 2464 897 2532 moribus
908 2485 1002 2551 quam
1018 2466 1058 2533 de
1076 2460 1158 2535 bona
1171 2469 1304 2537 civitatis

57 2565 59 2570 ’
165 2579 310 2663 regendae
326 2579 447 2646 ratione
472 2575 511 2644 ab
537 2578 685 2645 omnibns
710 2578 847 2664 antiquis
874 2577 965 2646 Ceios
999 2580 1153 2648 audivisse
1179 2583 1304 2650 notabi-
1416 2576 1421 2589 ’

165 2712 237 2759 mus
252 2691 314 2776 (0).
331 2694 394 2761 Eos
406 2692 552 2761 videlieet
565 2693 741 2775 credamus,
753 2706 886 2779 qnorum
898 2692 931 2758 in
946 2694 1076 2762 urbibus
1086 2715 1188 2782 neque
1202 2717 1305 2765 mere-

165 2783 259 2872 oaies
280 2805 393 2873 iruna
410 2806 542 2889 intueri,
565 2824 667 2892 neque
688 2805 833 2872 troianas
853 2805 915 2893 (r),
935 2806 1037 2874 virum
1056 2808 1140 2876 trois
1161 2811 1303 2878 ueritum

163 2916 345 3004 dignaturus
359 2916 455 2985 luisse
477 2937 571 3004 quem
586 2918 723 3003 legatum
739 2918 879 2984 Athenas
892 2929 925 2985 et
942 2918 1003 2984 alio
1023 2939 1106 3005 saepe
1129 2921 1302 3003 mitterent,

203 3130 237 3198 ru
259 3110 359 3199 oncri.
375 3132 473 3186 coron.
488 3143 512 3185 v.
528 3127 772 3200 trapetum.
787 3143 811 3186 v.
825 3129 885 3186 aaa.
904 3129 992 3201 curru.
1009 3133 1107 3187 neren.
1130 3148 1154 3189 v.
1176 3134 1256 3194 rasa.

202 3229 236 3296 (2)
258 3233 300 3284 De
312 3233 428 3286 Natura
440 3233 527 3285 θεον.
545 3229 606 3285 122.

202 3325 236 3394 (0)
257 3325 345 3381 schol.
362 3324 387 3380 iu
398 3323 530 3395 Aristoph.
547 3324 735 3381 11000003.
756 3323 780 3372 ἐν
798 3326 897 3389 ariarate
909 3326 1048 3382 tertullae.
1062 3327 1231 3385 Ruhnkenius
1246 3347 1303 3387 sus·

164 3422 299 3491 picahatnr
312 3422 367 3478 haec
379 3423 460 3478 rerba
472 3423 532 3478 loco
546 3430 615 3478 mota
626 3436 685 3478 esse
703 3431 731 3478 ar
748 3420 886 3478 referenda
900 3423 932 3477 art
949 3437 1016 3479 vers.
1038 3424 1100 3490 355,
1123 3426 1168 3483 ubi
1187 3428 1221 3484 de
1239 3431 1304 3486 Clis-

165 3518 242 3574 thene
253 3517 386 3589 impudico
398 3517 501 3588 agitur:
515 3516 563 3574 ded
573 3519 623 3573 boc
632 3517 695 3574 nihil
707 3516 741 3572 ad
750 3531 816 3573 rent.

205 3615 239 3683 (ht
260 3619 404 3674 καιὴδοναῐς
421 3618 533 3672 etatem.
554 3615 606 3672 loc.
627 3630 701 3685 supr.
727 3623 864 3671 memorat.
886 3618 943 3672 Hoc
957 3616 1103 3675 Philostrati
1127 3623 1302 3680 testimoninm

160 3713 216 3784 Jam
238 3694 332 3769 nullius
349 3728 408 3771 esse
426 3713 552 3770 momenti
570 3712 757 3770 demonstrarit
774 3712 890 3768 Hardion
914 3716 1075 3782 (Memotrer
1086 3719 1121 3772 de
1133 3720 1304 3776 t’ncaoemte

164 3811 213 3866 des
223 3808 422 3879 inscriptam,
439 3810 522 3868 luit.
537 3815 570 3868 Τ.
585 3810 629 3876 36,
644 3824 672 3882 p.
687 3809 760 3878 282.)
777 3812 838 3876 Qno
850 3816 936 3866 tamen
952 3826 1044 3867 omnes
1057 3825 1148 3884 perrea
1165 3817 1243 3872 innisi
1260 3819 1306 3874 ite·

163 3917 287 3966 rarerunt
308 3906 502 3966 criminatlones
524 3908 591 3965 laelii
615 3906 794 3977 indignatione
814 3907 965 3963 cumulatos.
993 3910 1021 3964 V.
1048 3911 1177 3976 blaineis,
1200 3916 1303 3972 titter.

164 4009 273 4065 nator.
288 4008 386 4074 1.181,
402 4008 464 4066 208.
474 4010 606 4066 -Garuc
621 4007 727 4074 script.
741 3988 864 4074 postulo.
881 4006 988 4062 lv.510
1001 4016 1027 4062 et
1043 4010 1133 4065 ceteri.

202 4107 236 4175 (5)
259 4106 365 4164 Lucian.
384 4109 459 4162 Vera
473 4106 583 4163 Hister.
597 4107 630 4161 11.
648 4104 691 4161 10.

204 4204 237 4274 (6)
259 4205 325 4261 Plat.
339 4209 403 4276 Leo.
419 4207 439 4260 1.
456 4202 576 4274 Proteo.
592 4201 654 4258 206.
670 4205 699 4257 C.
712 4198 881 4269 -llristoph
898 4206 969 4258 horr.
983 4216 1006 4267 r,
1022 4204 1083 4260 970.

203 4303 236 4372 (7)
258 4305 352 4362 Athen.
366 4318 428 4369 rur,
441 4302 486 4359 91.
