2946 4746
661 308 823 363 ...ὣ-.-

159 436 213 506 illa
227 456 301 504 suas
315 447 404 504 vocat
421 432 562 518 delicias,
580 436 707 523 majoris
722 436 850 522 quidem
872 453 997 516 sempor
1012 450 1147 526 emptas,
1173 459 1314 529 semper-

158 571 221 639 que
244 550 387 618 satietate
408 549 554 632 omissas,
581 559 614 615 et
637 569 699 636 quo
722 549 865 616 omnium
888 561 1071 637 contemptu
1092 553 1254 637 alliciatur,
1280 566 1313 621 et

157 684 255 752 quarn
270 663 398 747 ioedam,
426 663 509 750 turpi
528 673 620 749 atque
639 682 770 748 operosa
792 672 953 730 senectute
975 665 1176 733 terminatam
1197 666 1314 752 degant

158 788 286 845 aetatem
301 776 353 864 qui
365 776 542 862 voluptates
554 775 586 864 in
602 786 668 842 toto
680 775 804 841 vivendi
820 786 929 842 tenore
944 778 1054 845 sectati
1074 788 1160 846 sunt.

205 891 321 960 Contra
341 911 422 977 quac,
445 889 546 976 qualis
560 889 602 956 sit
622 889 693 976 ipsa
718 889 851 976 propriis
872 891 1031 959 coloribus
1046 912 1081 959 se
1102 893 1256 979 depingit,
1281 905 1313 960 et

113 1072 116 1077 .
158 1025 231 1094 qnae
253 1024 331 1092 pura
352 1003 491 1072 conserat
514 1003 580 1070 suis
608 1002 745 1090 cnjusvis
765 1003 867 1070 aetatis
890 1005 1000 1072 amicis
1023 1006 1133 1093 gaudia
1156 1018 1311 1087 recenset,

160 1139 221 1187 nec
246 1138 311 1186 non
332 1127 447 1204 quanta
470 1136 525 1184 eos
545 1127 696 1184 maneant
711 1118 851 1205 praemia,
879 1119 984 1187 alliis
1004 1121 1115 1205 amari,
1143 1121 1182 1188 ab
1202 1121 1313 1189 amicis

160 1232 235 1316 coli,
259 1229 342 1318 apud
358 1241 501 1317 posteros
522 1229 692 1313 nobilitari,
719 1229 796 1298 deos
819 1243 851 1298 et
871 1232 957 1318 ipsos
978 1233 1045 1300 lieri
1060 1235 1121 1319 (ll.
1145 1234 1313 1303 Nonnullis

161 1345 317 1413 Maximus
329 1344 441 1432 Tyrius
455 1342 605 1431 subjectis
620 1343 689 1427 (2):
715 1371 728 1404 ι
744 1345 908 1428 Hercules,
925 1346 1039 1432 inquit,
1056 1357 1091 1414 ut
1111 1347 1212 1413 lilium
1227 1349 1314 1417 lovis

160 1459 279 1543 decuit,
304 1468 416 1546 suopte
439 1457 573 1544 probum
606 1456 746 1544 ingenio,
772 1459 872 1526 multa
895 1460 1055 1547 Voluptati
1086 1461 1187 1528 salute
1216 1461 1311 1545 dicta,

143 1630 145 1635 .
161 1571 277 1639 Virtuti
289 1591 360 1639 sese
373 1569 505 1658 praebuit
517 1567 708 1652 ducendum,
729 1598 743 1631 ιι
765 1581 797 1638 et
812 1590 910 1658 usque
925 1572 1002 1640 durn
1017 1584 1192 1640 moreretur
1207 1575 1313 1660 (quod

161 1684 250 1752 addit
262 1684 301 1751 D.
315 1683 451 1750 Basilius
467 1683 620 1770 Magnus)
634 1703 705 1750 earn
721 1683 835 1752 ducem
850 1697 977 1753 secutus
990 1697 1051 1754 est.

206 1797 272 1865 lllis
295 1796 398 1863 verbis
423 1796 450 1862 si
481 1816 518 1863 ea
545 1797 699 1879 conseras,
721 1797 835 1883 qrribus
864 1798 1039 1886 Xenophon
1060 1800 1218 1867 concludit
1242 1821 1314 1869 ora⁴

163 1911 295 1988 tionem,
314 1931 383 1997 quae
400 1920 495 1977 sunt:
521 1938 536 1971 ιι
553 1911 620 1977 Hoc
640 1911 777 1996 quodam
799 1912 894 1980 modo
913 1913 1065 1981 Prodicus
1089 1914 1232 1982 Herculis
1255 1915 1315 1982 sub

164 2024 287 2092 Virtute
303 2023 534 2090 institutionem
561 2024 874 2110 persequtionem)
902 2047 939 2094 ea
963 2046 1030 2114 quac
1053 2027 1085 2093 in
1107 2028 1175 2114 ipsa
1191 2027 1315 2095 Prodici

162 2137 316 2224 scriptura
328 2135 586 2223 subjiciebantur,
601 2137 814 2224 suspicabere.
829 2140 898 2206 Jam
911 2140 987 2226 quid
999 2153 1083 2209 vetat
1093 2141 1262 2229 quominus
1276 2161 1316 2208 ex

164 2249 204 2317 iis
225 2249 387 2318 transiisse
406 2248 524 2335 aliquid
546 2260 694 2335 putemus
713 2251 746 2317 in
769 2251 907 2338 primurn
930 2253 1040 2322 Dionis
1059 2266 1116 2339 περὶ
1130 2262 1257 2325 Βασιλείας
1277 2254 1316 2321 Ιίὰ

163 2364 270 2449 brum,
286 2375 320 2432 et
344 2364 433 2451 plura
449 2364 480 2430 in
496 2364 621 2431 tertiam
636 2365 802 2433 Themistii
817 2367 1012 2436 orationem?
1023 2369 1074 2455 (3)
1091 2369 1211 2437 Ambos
1229 2369 1314 2435 enirn

163 2498 203 2545 ex
219 2477 421 2546 eodemionte
437 2478 579 2551 hausisse
590 2478 790 2565 perspicuum
800 2491 861 2562 est,
875 2480 977 2564 illum,
992 2483 1079 2548 nullo
1094 2493 1221 2548 auctore
1234 2482 1317 2550 desi*

163 2603 273 2680 gnato,
288 2593 373 2659 hnnc
389 2612 407 2659 a
422 2591 554 2660 Prodico
573 2612 609 2658 ea
622 2593 781 2679 accepisse
799 2594 842 2660 ita
856 2595 1058 2673 referentem,
1080 2606 1115 2662 ut
1132 2598 1315 2662 summatim

162 2705 290 2789 iisdem,
313 2725 383 2793 quae
400 2715 577 2772 narraverat
592 2705 780 2793 Xenophon,
800 2709 989 2796 praepositiS,
1009 2719 1187 2795 susceptam
1204 2729 1220 2775 a
1242 2709 1315 2775 Vird

161 2843 243 2911 tute,
259 2852 354 2920 quam
370 2829 589 2899 tantummodo
607 2839 786 2896 memorant
803 2826 869 2909 alii,
893 2824 1037 2891 Herculis
1054 2823 1254 2910 disciplinam
1277 2844 1316 2890 ex

162 2946 277 3015 codem
291 2947 441 3034 scriptore
456 2945 664 3012 continuaret.
680 2945 725 3009 hc
744 2943 827 3026 Dion
848 2941 976 3028 quidem
998 2939 1255 3027 Chrysostomus,
1281 2951 1317 3007 ut
1423 2988 1427 2994 .

161 3086 215 3134 res
225 3064 415 3153 postulabat,
432 3063 523 3150 lingit
537 3083 554 3128 a
570 3059 722 3128 Mercurio
740 3058 859 3125 Thebis
877 3058 910 3124 in
926 3046 1069 3123 montem
1082 3055 1243 3122 excelsum
1261 3054 1316 3121 dea

161 3180 236 3248 duci
251 3180 484 3248 adolescentem
507 3177 689 3260 Herculem,
704 3175 767 3257 cui,
783 3193 882 3260 quum
901 3172 985 3238 Divae
1000 3173 1175 3239 Basiiaidas
1194 3171 1208 3256 (
1219 3169 1251 3235 id
1266 3181 1315 3237 est
1417 3204 1421 3215 ·

161 3294 270 3381 Regin
283 3293 465 3379 Potestatis)
477 3289 671 3359 domicilium
684 3298 717 3354 et
726 3287 860 3354 subinde
875 3285 939 3352 iere
952 3285 1110 3351 inaccessa
1127 3280 1317 3371 Tyrannidis

161 3405 335 3494 penetralia
349 3404 518 3485 inviseret,
534 3422 579 3469 eac
593 3410 762 3468 occurrunt
775 3398 845 3464 duae
864 3398 1014 3465 mulieres
1037 3407 1069 3464 et
1086 3397 1176 3464 vultu
1197 3407 1230 3464 et
1258 3417 1316 3484 apa

161 3529 273 3606 paratu
284 3529 316 3586 et
331 3517 481 3586 comitatu
496 3516 590 3602 longe
601 3513 793 3596 dissimiles,
810 3523 903 3598 atque
918 3509 1126 3597 interroganti
1147 3521 1217 3577 utra
1246 3529 1315 3576 maa

205 3733 239 3803 iil
261 3737 323 3790 llaec
332 3732 413 3789 rerba
428 3735 599 3796 Θιιιγιιιιθιιι
625 3727 818 3784 adivoBasilio
829 3727 977 3783 afferuntur
988 3732 1017 3781 ut
1029 3740 1061 3782 er
1076 3724 1189 3782 Prodico
1208 3723 1315 3789 eductu,

167 3839 206 3906 iba
221 3838 233 3886 ὁ
249 3836 335 3885 ἐκείνου
348 3837 415 3896 λόγος
427 3829 598 3902 significante)
614 3841 813 3900 nonnusquam
826 3824 899 3881 alias.

206 3935 239 4003 (il
262 3933 338 3989 Orat.
349 3933 392 3987 lV.
407 3930 491 3986 initio.

204 4030 238 4101 (3)
260 4031 345 4096 διώκει,
358 4028 431 4101 qnod
446 4029 499 4084 lere
513 4026 583 4082 idem
601 4023 727 4093 significat
745 4036 776 4077 aa
795 4022 903 4085 διέξειμι,
923 4021 1078 4089 διεξέρχομαι.
1102 4007 1318 4074 Hemsterhnsius

163 4138 250 4186 tamen
264 4131 339 4196 διῴκει
352 4128 377 4182 ln
391 4118 528 4183 codicibus
543 4139 601 4180 esse
618 4129 715 4183 monet.
730 4118 803 4190 qnod
817 4115 1059 4183 administrabat,
1068 4114 1226 4171 ordinabat
1236 4114 1319 4183 signi*

165 4230 255 4293 bnans,
269 4225 323 4282 iere
339 4224 373 4280 ad
388 4223 509 4281 eumdem
523 4237 554 4277 ac
570 4223 644 4271 διιικιι
657 4231 763 4274 sensum
777 4216 867 4271 reduci
880 4222 977 4284 potest.

205 4324 242 4396 lb)
264 4323 332 4380 Edit.
348 4323 458 4392 Dionys.
475 4324 565 4377 Peleu.
582 4316 668 4382 Puris,
682 4314 763 4379 1618,
779 4312 857 4372 in-h⁰.
