<?xml version="1.0" encoding="UTF-8"?>
<!DOCTYPE html PUBLIC "-//W3C//DTD XHTML 1.0 Transitional//EN"
    "http://www.w3.org/TR/xhtml1/DTD/xhtml1-transitional.dtd">
<html xmlns="http://www.w3.org/1999/xhtml" xml:lang="en" lang="en">
 <head>
  <title>
</title>
<meta http-equiv="Content-Type" content="text/html;charset=utf-8" />
  <meta name='ocr-system' content='tesseract 3.04.00' />
  <meta name='ocr-capabilities' content='ocr_page ocr_carea ocr_par ocr_line ocrx_word'/>
</head>
<body>
  <div class='ocr_page' id='page_1' title='image "./deprodicoceioso01couggoog_0031.png"; bbox 0 0 2946 4746; ppageno 0'>
   <div class='ocr_carea' id='block_1_1' title="bbox 711 304 864 359">
    <p class='ocr_par' dir='ltr' id='par_1_1' title="bbox 711 304 864 359">
     <span class='ocr_line' id='line_1_1' title="bbox 711 304 864 359; baseline 0 -15"><span class='ocrx_word' id='word_1_1' title='bbox 711 304 864 359; x_wconf 69' lang='lat' dir='ltr'>..pg-</span> 
     </span>
    </p>
   </div>
   <div class='ocr_carea' id='block_1_2' title="bbox 210 413 1364 1192">
    <p class='ocr_par' dir='ltr' id='par_1_2' title="bbox 210 413 1364 1192">
     <span class='ocr_line' id='line_1_2' title="bbox 256 413 1360 515; baseline 0.001 -26"><span class='ocrx_word' id='word_1_2' title='bbox 256 424 363 510; x_wconf 84' lang='lat' dir='ltr'>Neque</span> <span class='ocrx_word' id='word_1_3' title='bbox 378 425 410 491; x_wconf 90' lang='lat' dir='ltr'>id</span> <span class='ocrx_word' id='word_1_4' title='bbox 428 425 525 511; x_wconf 90' lang='lat' dir='ltr'>pluris</span> <span class='ocrx_word' id='word_1_5' title='bbox 539 426 716 493; x_wconf 88' lang='lat' dir='ltr'>iaciendum</span> <span class='ocrx_word' id='word_1_6' title='bbox 732 429 876 513; x_wconf 89' lang='lat' dir='ltr'>estquod</span> <span class='ocrx_word' id='word_1_7' title='bbox 892 413 1099 505; x_wconf 73' lang='lat' dir='ltr'>Philostratus</span> <span class='ocrx_word' id='word_1_8' title='bbox 1115 438 1220 493; x_wconf 90' lang='lat' dir='ltr'>narrat</span> <span class='ocrx_word' id='word_1_9' title='bbox 1242 428 1288 515; x_wconf 80' lang='lat' dir='ltr'>(l)</span> <span class='ocrx_word' id='word_1_10' title='bbox 1304 425 1360 511; x_wconf 85' lang='lat' dir='ltr'>jn-</span> 
     </span>
     <span class='ocr_line' id='line_1_3' title="bbox 212 537 1362 625; baseline 0.002 -24"><span class='ocrx_word' id='word_1_11' title='bbox 212 556 326 604; x_wconf 83' lang='lat' dir='ltr'>venum</span> <span class='ocrx_word' id='word_1_12' title='bbox 351 537 565 606; x_wconf 91' lang='lat' dir='ltr'>nobilissimos</span> <span class='ocrx_word' id='word_1_13' title='bbox 585 550 732 607; x_wconf 86' lang='lat' dir='ltr'>venatum</span> <span class='ocrx_word' id='word_1_14' title='bbox 755 561 825 608; x_wconf 88' lang='lat' dir='ltr'>esse</span> <span class='ocrx_word' id='word_1_15' title='bbox 851 541 1036 623; x_wconf 78' lang='lat' dir='ltr'>Prodicum,</span> <span class='ocrx_word' id='word_1_16' title='bbox 1064 540 1141 606; x_wconf 90' lang='lat' dir='ltr'>adeo</span> <span class='ocrx_word' id='word_1_17' title='bbox 1160 551 1195 607; x_wconf 90' lang='lat' dir='ltr'>nt</span> <span class='ocrx_word' id='word_1_18' title='bbox 1217 550 1249 616; x_wconf 87' lang='lat' dir='ltr'>et</span> <span class='ocrx_word' id='word_1_19' title='bbox 1271 558 1362 625; x_wconf 92' lang='lat' dir='ltr'>para-</span> 
     </span>
     <span class='ocr_line' id='line_1_4' title="bbox 213 651 1359 739; baseline 0.001 -23"><span class='ocrx_word' id='word_1_20' title='bbox 213 651 276 718; x_wconf 84' lang='lat' dir='ltr'>rios</span> <span class='ocrx_word' id='word_1_21' title='bbox 292 651 360 738; x_wconf 87' lang='lat' dir='ltr'>cjus</span> <span class='ocrx_word' id='word_1_22' title='bbox 374 651 419 718; x_wconf 90' lang='lat' dir='ltr'>rei</span> <span class='ocrx_word' id='word_1_23' title='bbox 434 652 531 719; x_wconf 92' lang='lat' dir='ltr'>aleret</span> <span class='ocrx_word' id='word_1_24' title='bbox 547 653 609 739; x_wconf 74' lang='lat'>(2).</span> <span class='ocrx_word' id='word_1_25' title='bbox 626 653 764 739; x_wconf 85' lang='lat' dir='ltr'><strong>Etenim,</strong></span> <span class='ocrx_word' id='word_1_26' title='bbox 782 654 862 721; x_wconf 89' lang='lat' dir='ltr'>sicut</span> <span class='ocrx_word' id='word_1_27' title='bbox 877 654 1011 721; x_wconf 83' lang='lat' dir='ltr'>dilucide</span> <span class='ocrx_word' id='word_1_28' title='bbox 1027 654 1276 721; x_wconf 89' lang='lat' dir='ltr'>demonstratum</span> <span class='ocrx_word' id='word_1_29' title='bbox 1296 662 1359 733; x_wconf 87' lang='lat' dir='ltr'>est,</span> 
     </span>
     <span class='ocr_line' id='line_1_5' title="bbox 212 765 1361 860; baseline 0 -30"><span class='ocrx_word' id='word_1_30' title='bbox 212 766 280 831; x_wconf 81' lang='lat' dir='ltr'>hmo</span> <span class='ocrx_word' id='word_1_31' title='bbox 294 775 359 832; x_wconf 92' lang='lat' dir='ltr'>tarn</span> <span class='ocrx_word' id='word_1_32' title='bbox 374 765 476 852; x_wconf 89' lang='lat' dir='ltr'>turpia</span> <span class='ocrx_word' id='word_1_33' title='bbox 489 776 586 860; x_wconf 88' lang='lat' dir='ltr'>certe,</span> <span class='ocrx_word' id='word_1_34' title='bbox 606 766 632 833; x_wconf 92' lang='lat' dir='ltr'>si</span> <span class='ocrx_word' id='word_1_35' title='bbox 644 767 769 833; x_wconf 84' lang='lat' dir='ltr'>fecisset</span> <span class='ocrx_word' id='word_1_36' title='bbox 782 768 848 852; x_wconf 87' lang='lat' dir='ltr'>ille,</span> <span class='ocrx_word' id='word_1_37' title='bbox 866 788 884 834; x_wconf 92' lang='lat' dir='ltr'>a</span> <span class='ocrx_word' id='word_1_38' title='bbox 901 768 1042 853; x_wconf 83' lang='lat' dir='ltr'>Platone,</span> <span class='ocrx_word' id='word_1_39' title='bbox 1058 767 1210 833; x_wconf 88' lang='lat' dir='ltr'>acerrimo</span> <span class='ocrx_word' id='word_1_40' title='bbox 1224 766 1361 853; x_wconf 90' lang='lat' dir='ltr'>Sophis-</span> 
     </span>
     <span class='ocr_line' id='line_1_6' title="bbox 210 871 1360 967; baseline -0.002 -23"><span class='ocrx_word' id='word_1_41' title='bbox 210 889 312 944; x_wconf 89' lang='lat' dir='ltr'>tarum</span> <span class='ocrx_word' id='word_1_42' title='bbox 326 878 498 965; x_wconf 78' lang='lat' dir='ltr'>agitatore,</span> <span class='ocrx_word' id='word_1_43' title='bbox 515 879 606 965; x_wconf 87' lang='lat' dir='ltr'>nigro</span> <span class='ocrx_word' id='word_1_44' title='bbox 619 881 684 946; x_wconf 89' lang='lat' dir='ltr'>sale</span> <span class='ocrx_word' id='word_1_45' title='bbox 698 891 947 967; x_wconf 81' lang='lat' dir='ltr'>aspergerentur.</span> <span class='ocrx_word' id='word_1_46' title='bbox 968 879 1003 947; x_wconf 94' lang='lat' dir='ltr'>ld</span> <span class='ocrx_word' id='word_1_47' title='bbox 1022 879 1170 966; x_wconf 88' lang='lat' dir='ltr'>igiturex</span> <span class='ocrx_word' id='word_1_48' title='bbox 1186 899 1282 967; x_wconf 89' lang='lat' dir='ltr'>pravo</span> <span class='ocrx_word' id='word_1_49' title='bbox 1302 871 1360 943; x_wconf 83' lang='grc'><strong>111-</strong></span> 
     </span>
     <span class='ocr_line' id='line_1_7' title="bbox 211 971 1364 1079; baseline -0.003 -21"><span class='ocrx_word' id='word_1_50' title='bbox 211 971 347 1058; x_wconf 79' lang='lat' dir='ltr'>rationis</span> <span class='ocrx_word' id='word_1_51' title='bbox 362 1004 477 1077; x_wconf 78' lang='lat' dir='ltr'>genere</span> <span class='ocrx_word' id='word_1_52' title='bbox 492 1001 556 1057; x_wconf 89' lang='lat' dir='ltr'>tam</span> <span class='ocrx_word' id='word_1_53' title='bbox 573 992 673 1058; x_wconf 90' lang='lat' dir='ltr'>vivide</span> <span class='ocrx_word' id='word_1_54' title='bbox 688 992 721 1057; x_wconf 94' lang='lat' dir='ltr'>in</span> <span class='ocrx_word' id='word_1_55' title='bbox 732 994 880 1075; x_wconf 78' lang='lat' dir='ltr'>Sophiste</span> <span class='ocrx_word' id='word_1_56' title='bbox 901 991 1075 1079; x_wconf 86' lang='lat' dir='ltr'>descripto,</span> <span class='ocrx_word' id='word_1_57' title='bbox 1096 1002 1215 1058; x_wconf 88' lang='lat' dir='ltr'>temere</span> <span class='ocrx_word' id='word_1_58' title='bbox 1234 1000 1364 1057; x_wconf 90' lang='lat' dir='ltr'>mutua-</span> 
     </span>
     <span class='ocr_line' id='line_1_8' title="bbox 211 1087 1363 1192; baseline -0.004 -20"><span class='ocrx_word' id='word_1_59' title='bbox 211 1118 261 1173; x_wconf 91' lang='lat' dir='ltr'>tus</span> <span class='ocrx_word' id='word_1_60' title='bbox 276 1116 342 1189; x_wconf 89' lang='lat' dir='ltr'>est,</span> <span class='ocrx_word' id='word_1_61' title='bbox 363 1116 398 1173; x_wconf 92' lang='lat' dir='ltr'>ut</span> <span class='ocrx_word' id='word_1_62' title='bbox 415 1106 548 1191; x_wconf 81' lang='lat' dir='ltr'>opinor,</span> <span class='ocrx_word' id='word_1_63' title='bbox 576 1107 801 1190; x_wconf 79' lang='lat' dir='ltr'>Philostratus,</span> <span class='ocrx_word' id='word_1_64' title='bbox 823 1117 859 1173; x_wconf 90' lang='lat' dir='ltr'>ut</span> <span class='ocrx_word' id='word_1_65' title='bbox 882 1107 937 1173; x_wconf 93' lang='lat' dir='ltr'>uni</span> <span class='ocrx_word' id='word_1_66' title='bbox 953 1087 1001 1192; x_wconf 85' lang='grc' dir='ltr'>11Ι</span> <span class='ocrx_word' id='word_1_67' title='bbox 1014 1105 1173 1192; x_wconf 85' lang='lat' dir='ltr'>sapientiae</span> <span class='ocrx_word' id='word_1_68' title='bbox 1198 1103 1363 1191; x_wconf 88' lang='lat' dir='ltr'>magistris</span> 
     </span>
    </p>
   </div>
   <div class='ocr_carea' id='block_1_3' title="bbox 210 1217 1360 1415">
    <p class='ocr_par' dir='ltr' id='par_1_3' title="bbox 210 1217 1360 1415">
     <span class='ocr_line' id='line_1_9' title="bbox 210 1217 1360 1306; baseline -0.003 -21"><span class='ocrx_word' id='word_1_69' title='bbox 210 1218 293 1304; x_wconf 89' lang='lat' dir='ltr'>quod</span> <span class='ocrx_word' id='word_1_70' title='bbox 308 1217 453 1306; x_wconf 89' lang='lat' dir='ltr'>objicitur</span> <span class='ocrx_word' id='word_1_71' title='bbox 463 1218 593 1285; x_wconf 80' lang='lat' dir='ltr'>cuilibet</span> <span class='ocrx_word' id='word_1_72' title='bbox 612 1219 694 1286; x_wconf 90' lang='lat' dir='ltr'>hanc</span> <span class='ocrx_word' id='word_1_73' title='bbox 706 1230 806 1286; x_wconf 87' lang='lat' dir='ltr'>artem</span> <span class='ocrx_word' id='word_1_74' title='bbox 821 1219 1021 1306; x_wconf 88' lang='lat' dir='ltr'>impudenter</span> <span class='ocrx_word' id='word_1_75' title='bbox 1033 1218 1220 1301; x_wconf 87' lang='lat' dir='ltr'>mentienti,</span> <span class='ocrx_word' id='word_1_76' title='bbox 1237 1217 1360 1284; x_wconf 88' lang='lat' dir='ltr'>tribuc-</span> 
     </span>
     <span class='ocr_line' id='line_1_10' title="bbox 214 1328 346 1415; baseline 0.023 -22"><span class='ocrx_word' id='word_1_77' title='bbox 214 1339 262 1394; x_wconf 89' lang='lat' dir='ltr'>ret</span> <span class='ocrx_word' id='word_1_78' title='bbox 284 1328 346 1415; x_wconf 85' lang='lat'><strong>(3).</strong></span> 
     </span>
    </p>
   </div>
   <div class='ocr_carea' id='block_1_4' title="bbox 147 1565 1362 2134">
    <p class='ocr_par' dir='ltr' id='par_1_4' title="bbox 246 1565 808 1637">
     <span class='ocr_line' id='line_1_11' title="bbox 246 1565 808 1637; baseline 0.007 -16"><span class='ocrx_word' id='word_1_79' title='bbox 246 1567 281 1637; x_wconf 81' lang='lat' dir='ltr'>(ll</span> <span class='ocrx_word' id='word_1_80' title='bbox 299 1565 420 1622; x_wconf 87' lang='lat' dir='ltr'>Philostr.</span> <span class='ocrx_word' id='word_1_81' title='bbox 435 1567 559 1636; x_wconf 81' lang='lat' dir='ltr'>Sophist.</span> <span class='ocrx_word' id='word_1_82' title='bbox 578 1569 669 1625; x_wconf 79' lang='grc'><strong>1111.</strong></span> <span class='ocrx_word' id='word_1_83' title='bbox 684 1571 808 1636; x_wconf 67' lang='grc' dir='ltr'><strong>Πρόδικος.</strong></span> 
     </span>
    </p>

    <p class='ocr_par' dir='ltr' id='par_1_5' title="bbox 147 1660 1362 2134">
     <span class='ocr_line' id='line_1_12' title="bbox 247 1660 1361 1743; baseline -0.001 -27"><span class='ocrx_word' id='word_1_84' title='bbox 247 1663 281 1730; x_wconf 74' lang='lat'>(2)</span> <span class='ocrx_word' id='word_1_85' title='bbox 297 1661 326 1716; x_wconf 95' lang='lat' dir='ltr'>ld</span> <span class='ocrx_word' id='word_1_86' title='bbox 340 1670 425 1718; x_wconf 89' lang='lat' dir='ltr'>tamen</span> <span class='ocrx_word' id='word_1_87' title='bbox 440 1663 530 1743; x_wconf 83' lang='lat' dir='ltr'>etalio</span> <span class='ocrx_word' id='word_1_88' title='bbox 547 1669 630 1719; x_wconf 84' lang='lat' dir='ltr'>sensu</span> <span class='ocrx_word' id='word_1_89' title='bbox 644 1664 727 1733; x_wconf 85' lang='lat' dir='ltr'>accipi</span> <span class='ocrx_word' id='word_1_90' title='bbox 741 1671 844 1734; x_wconf 84' lang='lat' dir='ltr'>potest,</span> <span class='ocrx_word' id='word_1_91' title='bbox 860 1671 888 1719; x_wconf 87' lang='lat' dir='ltr'>nt</span> <span class='ocrx_word' id='word_1_92' title='bbox 909 1663 1006 1733; x_wconf 83' lang='lat' dir='ltr'>placuit</span> <span class='ocrx_word' id='word_1_93' title='bbox 1017 1661 1082 1717; x_wconf 88' lang='lat' dir='ltr'>Fed.</span> <span class='ocrx_word' id='word_1_94' title='bbox 1108 1660 1227 1716; x_wconf 85' lang='lat' dir='ltr'>Morellio</span> <span class='ocrx_word' id='word_1_95' title='bbox 1250 1660 1298 1730; x_wconf 84' lang='lat' dir='ltr'>qui</span> <span class='ocrx_word' id='word_1_96' title='bbox 1323 1660 1361 1715; x_wconf 87' lang='lat' dir='ltr'>im</span> 
     </span>
     <span class='ocr_line' id='line_1_13' title="bbox 147 1741 1360 1834; baseline 0.006 -26"><span class='ocrx_word' id='word_1_97' title='bbox 147 1741 150 1749; x_wconf 78' lang='grc'><strong>’</strong></span> <span class='ocrx_word' id='word_1_98' title='bbox 208 1757 337 1812; x_wconf 85' lang='lat' dir='ltr'>transtulit</span> <span class='ocrx_word' id='word_1_99' title='bbox 351 1773 358 1814; x_wconf 92' lang='lat'><strong>:</strong></span> <span class='ocrx_word' id='word_1_100' title='bbox 377 1780 388 1808; x_wconf 79' lang='grc'>1</span> <span class='ocrx_word' id='word_1_101' title='bbox 402 1760 510 1816; x_wconf 83' lang='lat' dir='ltr'>Nobiles</span> <span class='ocrx_word' id='word_1_102' title='bbox 524 1761 649 1831; x_wconf 89' lang='lat' dir='ltr'>patricios</span> <span class='ocrx_word' id='word_1_103' title='bbox 661 1778 676 1816; x_wconf 85' lang='lat' dir='ltr'>a</span> <span class='ocrx_word' id='word_1_104' title='bbox 690 1762 781 1830; x_wconf 86' lang='lat' dir='ltr'>novis,</span> <span class='ocrx_word' id='word_1_105' title='bbox 799 1765 883 1834; x_wconf 86' lang='lat' dir='ltr'>etqui</span> <span class='ocrx_word' id='word_1_106' title='bbox 896 1765 1011 1820; x_wconf 89' lang='lat' dir='ltr'>obscuro</span> <span class='ocrx_word' id='word_1_107' title='bbox 1023 1777 1121 1832; x_wconf 82' lang='lat' dir='ltr'>genere</span> <span class='ocrx_word' id='word_1_108' title='bbox 1134 1742 1188 1818; x_wconf 81' lang='lat' dir='ltr'>nati</span> <span class='ocrx_word' id='word_1_109' title='bbox 1205 1770 1281 1817; x_wconf 85' lang='lat' dir='ltr'>erant</span> <span class='ocrx_word' id='word_1_110' title='bbox 1295 1802 1301 1820; x_wconf 86' lang='lat'>.</span> <span class='ocrx_word' id='word_1_111' title='bbox 1325 1760 1360 1815; x_wconf 89' lang='lat' dir='ltr'>ita</span> 
     </span>
     <span class='ocr_line' id='line_1_14' title="bbox 206 1853 1362 1932; baseline 0.004 -25"><span class='ocrx_word' id='word_1_112' title='bbox 206 1853 382 1922; x_wconf 66' lang='lat' dir='ltr'>investigavit,</span> <span class='ocrx_word' id='word_1_113' title='bbox 398 1867 431 1912; x_wconf 85' lang='lat' dir='ltr'>ut</span> <span class='ocrx_word' id='word_1_114' title='bbox 446 1861 501 1932; x_wconf 66' lang='lat' dir='ltr'>dap</span> <span class='ocrx_word' id='word_1_115' title='bbox 517 1859 669 1915; x_wconf 83' lang='lat' dir='ltr'>venatione</span> <span class='ocrx_word' id='word_1_116' title='bbox 681 1861 775 1917; x_wconf 84' lang='lat' dir='ltr'>multa</span> <span class='ocrx_word' id='word_1_117' title='bbox 787 1861 826 1915; x_wconf 84' lang='lat' dir='ltr'>sit</span> <span class='ocrx_word' id='word_1_118' title='bbox 840 1871 944 1917; x_wconf 82' lang='lat' dir='ltr'>noctus</span> <span class='ocrx_word' id='word_1_119' title='bbox 956 1861 1091 1929; x_wconf 81' lang='lat' dir='ltr'>hospitia.</span> <span class='ocrx_word' id='word_1_120' title='bbox 1108 1862 1300 1916; x_wconf 85' lang='lat' dir='ltr'>Huncsecntus</span> <span class='ocrx_word' id='word_1_121' title='bbox 1319 1866 1362 1913; x_wconf 89' lang='lat' dir='ltr'>est</span> 
     </span>
     <span class='ocr_line' id='line_1_15' title="bbox 206 1951 1361 2026; baseline 0.003 -20"><span class='ocrx_word' id='word_1_122' title='bbox 206 1951 285 2007; x_wconf 86' lang='lat' dir='ltr'>Mich.</span> <span class='ocrx_word' id='word_1_123' title='bbox 309 1954 432 2011; x_wconf 88' lang='lat' dir='ltr'>Neander</span> <span class='ocrx_word' id='word_1_124' title='bbox 449 1956 488 2024; x_wconf 84' lang='grc'>(11</span> <span class='ocrx_word' id='word_1_125' title='bbox 508 1956 595 2011; x_wconf 80' lang='lat' dir='ltr'>Libro</span> <span class='ocrx_word' id='word_1_126' title='bbox 614 1973 719 2022; x_wconf 84' lang='lat' dir='ltr'>aureo,</span> <span class='ocrx_word' id='word_1_127' title='bbox 735 1973 761 2026; x_wconf 90' lang='lat' dir='ltr'>p.</span> <span class='ocrx_word' id='word_1_128' title='bbox 777 1958 829 2026; x_wconf 83' lang='grc'><strong>116)</strong></span> <span class='ocrx_word' id='word_1_129' title='bbox 844 1998 851 2021; x_wconf 84' lang='grc'><strong>,</strong></span> <span class='ocrx_word' id='word_1_130' title='bbox 869 1959 938 2014; x_wconf 87' lang='lat' dir='ltr'>ultra</span> <span class='ocrx_word' id='word_1_131' title='bbox 952 1967 1054 2021; x_wconf 88' lang='lat' dir='ltr'>tamen,</span> <span class='ocrx_word' id='word_1_132' title='bbox 1078 1965 1106 2011; x_wconf 91' lang='lat' dir='ltr'>nt</span> <span class='ocrx_word' id='word_1_133' title='bbox 1131 1957 1214 2018; x_wconf 87' lang='lat' dir='ltr'>solet,</span> <span class='ocrx_word' id='word_1_134' title='bbox 1240 1951 1361 2010; x_wconf 85' lang='lat' dir='ltr'>auctoris</span> 
     </span>
     <span class='ocr_line' id='line_1_16' title="bbox 205 2049 1362 2134; baseline 0.003 -32"><span class='ocrx_word' id='word_1_135' title='bbox 205 2049 360 2106; x_wconf 84' lang='lat' dir='ltr'>sententiam</span> <span class='ocrx_word' id='word_1_136' title='bbox 374 2066 547 2120; x_wconf 84' lang='lat' dir='ltr'>progressus:</span> <span class='ocrx_word' id='word_1_137' title='bbox 566 2075 578 2103; x_wconf 88' lang='lat'>«</span> <span class='ocrx_word' id='word_1_138' title='bbox 593 2055 760 2124; x_wconf 78' lang='lat' dir='ltr'>conatusque</span> <span class='ocrx_word' id='word_1_139' title='bbox 773 2055 851 2134; x_wconf 76' lang='lat' dir='ltr'>estio</span> <span class='ocrx_word' id='word_1_140' title='bbox 864 2069 895 2109; x_wconf 90' lang='lat' dir='ltr'>ea</span> <span class='ocrx_word' id='word_1_141' title='bbox 914 2055 1020 2109; x_wconf 82' lang='lat' dir='ltr'>civitate</span> <span class='ocrx_word' id='word_1_142' title='bbox 1037 2052 1179 2121; x_wconf 83' lang='lat' dir='ltr'>(Athenis)</span> <span class='ocrx_word' id='word_1_143' title='bbox 1192 2093 1199 2116; x_wconf 89' lang='lat'>‚</span> <span class='ocrx_word' id='word_1_144' title='bbox 1217 2051 1362 2119; x_wconf 85' lang='lat' dir='ltr'>primarios</span> 
     </span>
    </p>
   </div>
   <div class='ocr_carea' id='block_1_5' title="bbox 204 2148 1453 2222">
    <p class='ocr_par' dir='ltr' id='par_1_6' title="bbox 204 2148 1453 2222">
     <span class='ocr_line' id='line_1_17' title="bbox 204 2148 1453 2222; baseline -0.001 -20"><span class='ocrx_word' id='word_1_145' title='bbox 204 2161 237 2202; x_wconf 82' lang='lat' dir='ltr'>er</span> <span class='ocrx_word' id='word_1_146' title='bbox 249 2162 354 2217; x_wconf 78' lang='lat' dir='ltr'>quaque</span> <span class='ocrx_word' id='word_1_147' title='bbox 365 2150 447 2205; x_wconf 86' lang='lat' dir='ltr'>nobili</span> <span class='ocrx_word' id='word_1_148' title='bbox 459 2150 555 2206; x_wconf 84' lang='lat' dir='ltr'>tamilla</span> <span class='ocrx_word' id='word_1_149' title='bbox 567 2150 748 2207; x_wconf 85' lang='lat' dir='ltr'>adolescentes</span> <span class='ocrx_word' id='word_1_150' title='bbox 757 2151 808 2208; x_wconf 89' lang='lat' dir='ltr'>sihi</span> <span class='ocrx_word' id='word_1_151' title='bbox 818 2152 955 2208; x_wconf 83' lang='lat' dir='ltr'>devincire</span> <span class='ocrx_word' id='word_1_152' title='bbox 967 2166 974 2206; x_wconf 91' lang='lat'>:</span> <span class='ocrx_word' id='word_1_153' title='bbox 985 2166 1110 2222; x_wconf 84' lang='lat' dir='ltr'>quorum</span> <span class='ocrx_word' id='word_1_154' title='bbox 1121 2149 1278 2218; x_wconf 81' lang='lat' dir='ltr'>hospitium</span> <span class='ocrx_word' id='word_1_155' title='bbox 1290 2148 1362 2203; x_wconf 79' lang='lat' dir='ltr'>usui</span> <span class='ocrx_word' id='word_1_156' title='bbox 1450 2188 1453 2194; x_wconf 91' lang='lat'><em>.</em></span> 
     </span>
    </p>
   </div>
   <div class='ocr_carea' id='block_1_6' title="bbox 204 2232 1358 2416">
    <p class='ocr_par' dir='ltr' id='par_1_7' title="bbox 204 2232 1358 2416">
     <span class='ocr_line' id='line_1_18' title="bbox 204 2232 1358 2318; baseline 0 -18"><span class='ocrx_word' id='word_1_157' title='bbox 204 2244 261 2300; x_wconf 77' lang='lat' dir='ltr'>slot</span> <span class='ocrx_word' id='word_1_158' title='bbox 270 2252 298 2300; x_wconf 83' lang='lat' dir='ltr'>et</span> <span class='ocrx_word' id='word_1_159' title='bbox 308 2246 451 2313; x_wconf 83' lang='lat' dir='ltr'>voluptati</span> <span class='ocrx_word' id='word_1_160' title='bbox 462 2249 549 2318; x_wconf 79' lang='lat' dir='ltr'>soret.</span> <span class='ocrx_word' id='word_1_161' title='bbox 565 2269 579 2302; x_wconf 79' lang='grc'>1</span> <span class='ocrx_word' id='word_1_162' title='bbox 595 2249 674 2316; x_wconf 91' lang='lat' dir='ltr'>Quod</span> <span class='ocrx_word' id='word_1_163' title='bbox 685 2263 717 2305; x_wconf 80' lang='lat' dir='ltr'>ex</span> <span class='ocrx_word' id='word_1_164' title='bbox 727 2248 815 2306; x_wconf 84' lang='lat' dir='ltr'>verbis</span> <span class='ocrx_word' id='word_1_165' title='bbox 825 2232 1093 2305; x_wconf 83' lang='lat' dir='ltr'>Philostrati&#39;minime</span> <span class='ocrx_word' id='word_1_166' title='bbox 1105 2245 1280 2316; x_wconf 83' lang='lat' dir='ltr'>colligendum</span> <span class='ocrx_word' id='word_1_167' title='bbox 1304 2255 1358 2309; x_wconf 88' lang='lat' dir='ltr'>est,</span> 
     </span>
     <span class='ocr_line' id='line_1_19' title="bbox 206 2332 1278 2416; baseline 0.007 -20"><span class='ocrx_word' id='word_1_168' title='bbox 206 2343 249 2397; x_wconf 88' lang='lat' dir='ltr'>uhi</span> <span class='ocrx_word' id='word_1_169' title='bbox 264 2343 356 2400; x_wconf 86' lang='lat' dir='ltr'>eadem</span> <span class='ocrx_word' id='word_1_170' title='bbox 366 2359 425 2416; x_wconf 85' lang='lat' dir='ltr'>quae</span> <span class='ocrx_word' id='word_1_171' title='bbox 438 2360 502 2411; x_wconf 83' lang='lat' dir='ltr'>nos,</span> <span class='ocrx_word' id='word_1_172' title='bbox 517 2362 610 2404; x_wconf 89' lang='lat' dir='ltr'>omnes</span> <span class='ocrx_word' id='word_1_173' title='bbox 622 2347 713 2403; x_wconf 81' lang='lat' dir='ltr'>videre</span> <span class='ocrx_word' id='word_1_174' title='bbox 727 2347 899 2416; x_wconf 86' lang='lat' dir='ltr'>interpretes.</span> <span class='ocrx_word' id='word_1_175' title='bbox 1275 2332 1278 2340; x_wconf 48' lang='lat'><em>⁴</em></span> 
     </span>
    </p>
   </div>
   <div class='ocr_carea' id='block_1_7' title="bbox 246 2439 1452 2515">
    <p class='ocr_par' dir='ltr' id='par_1_8' title="bbox 246 2439 1452 2515">
     <span class='ocr_line' id='line_1_20' title="bbox 246 2439 1452 2515; baseline -0.002 -18"><span class='ocrx_word' id='word_1_176' title='bbox 246 2441 281 2509; x_wconf 84' lang='lat'>(3)</span> <span class='ocrx_word' id='word_1_177' title='bbox 298 2444 327 2496; x_wconf 90' lang='lat' dir='ltr'>V.</span> <span class='ocrx_word' id='word_1_178' title='bbox 349 2444 475 2500; x_wconf 87' lang='lat' dir='ltr'>Welcler</span> <span class='ocrx_word' id='word_1_179' title='bbox 491 2446 693 2515; x_wconf 84' lang='lat' dir='ltr'>(Prodikosron</span> <span class='ocrx_word' id='word_1_180' title='bbox 707 2449 786 2512; x_wconf 88' lang='lat' dir='ltr'>Keos,</span> <span class='ocrx_word' id='word_1_181' title='bbox 799 2454 864 2509; x_wconf 83' lang='lat' dir='ltr'>etc,</span> <span class='ocrx_word' id='word_1_182' title='bbox 880 2445 957 2514; x_wconf 74' lang='lat' dir='ltr'>Sil).</span> <span class='ocrx_word' id='word_1_183' title='bbox 973 2442 1126 2512; x_wconf 86' lang='lat' dir='ltr'>suspicatur</span> <span class='ocrx_word' id='word_1_184' title='bbox 1138 2440 1165 2495; x_wconf 90' lang='lat' dir='ltr'>id</span> <span class='ocrx_word' id='word_1_185' title='bbox 1176 2440 1313 2495; x_wconf 89' lang='lat' dir='ltr'>transiisse</span> <span class='ocrx_word' id='word_1_186' title='bbox 1328 2439 1359 2495; x_wconf 89' lang='lat' dir='ltr'>in</span> <span class='ocrx_word' id='word_1_187' title='bbox 1449 2456 1452 2461; x_wconf 90' lang='lat'><em>·</em></span> 
     </span>
    </p>
   </div>
   <div class='ocr_carea' id='block_1_8' title="bbox 203 2536 1361 2711">
    <p class='ocr_par' dir='ltr' id='par_1_9' title="bbox 203 2536 1361 2711">
     <span class='ocr_line' id='line_1_21' title="bbox 206 2536 1360 2614; baseline 0.001 -24"><span class='ocrx_word' id='word_1_188' title='bbox 206 2536 301 2596; x_wconf 83' lang='lat' dir='ltr'>tibrum</span> <span class='ocrx_word' id='word_1_189' title='bbox 314 2541 463 2599; x_wconf 79' lang='lat' dir='ltr'>Philostrati</span> <span class='ocrx_word' id='word_1_190' title='bbox 477 2558 508 2598; x_wconf 81' lang='lat' dir='ltr'>er</span> <span class='ocrx_word' id='word_1_191' title='bbox 518 2543 634 2613; x_wconf 85' lang='lat' dir='ltr'>quodam</span> <span class='ocrx_word' id='word_1_192' title='bbox 648 2543 765 2614; x_wconf 86' lang='lat' dir='ltr'>scripto,</span> <span class='ocrx_word' id='word_1_193' title='bbox 782 2543 829 2599; x_wconf 94' lang='lat' dir='ltr'>uhi</span> <span class='ocrx_word' id='word_1_194' title='bbox 847 2556 938 2598; x_wconf 83' lang='lat' dir='ltr'>rursus</span> <span class='ocrx_word' id='word_1_195' title='bbox 951 2540 1054 2610; x_wconf 90' lang='lat' dir='ltr'>depicta</span> <span class='ocrx_word' id='word_1_196' title='bbox 1064 2547 1120 2594; x_wconf 87' lang='grc'><strong>1111</strong></span> <span class='ocrx_word' id='word_1_197' title='bbox 1132 2551 1164 2592; x_wconf 86' lang='lat' dir='ltr'>ea</span> <span class='ocrx_word' id='word_1_198' title='bbox 1176 2537 1297 2601; x_wconf 82' lang='lat' dir='ltr'>venatio,</span> <span class='ocrx_word' id='word_1_199' title='bbox 1309 2536 1360 2591; x_wconf 90' lang='lat' dir='ltr'>ad·</span> 
     </span>
     <span class='ocr_line' id='line_1_22' title="bbox 203 2632 1361 2711; baseline 0.001 -24"><span class='ocrx_word' id='word_1_200' title='bbox 203 2632 264 2690; x_wconf 89' lang='lat' dir='ltr'>ditis</span> <span class='ocrx_word' id='word_1_201' title='bbox 274 2637 430 2706; x_wconf 85' lang='lat' dir='ltr'>quibusdam</span> <span class='ocrx_word' id='word_1_202' title='bbox 445 2640 560 2711; x_wconf 88' lang='lat' dir='ltr'>propriis</span> <span class='ocrx_word' id='word_1_203' title='bbox 572 2640 606 2695; x_wconf 92' lang='lat' dir='ltr'>de</span> <span class='ocrx_word' id='word_1_204' title='bbox 619 2655 726 2711; x_wconf 76' lang='lat' dir='ltr'>qucum</span> <span class='ocrx_word' id='word_1_205' title='bbox 736 2640 911 2697; x_wconf 85' lang='lat' dir='ltr'>celeberrimo</span> <span class='ocrx_word' id='word_1_206' title='bbox 925 2636 1043 2708; x_wconf 87' lang='lat' dir='ltr'>sophista</span> <span class='ocrx_word' id='word_1_207' title='bbox 1055 2633 1187 2704; x_wconf 76' lang='lat' dir='ltr'>exemplis.</span> <span class='ocrx_word' id='word_1_208' title='bbox 1206 2634 1279 2689; x_wconf 87' lang='lat' dir='ltr'>Nulla</span> <span class='ocrx_word' id='word_1_209' title='bbox 1290 2647 1361 2690; x_wconf 88' lang='lat' dir='ltr'>vero</span> 
     </span>
    </p>
   </div>
   <div class='ocr_carea' id='block_1_9' title="bbox 203 2735 648 2810">
    <p class='ocr_par' dir='ltr' id='par_1_10' title="bbox 203 2735 648 2810">
     <span class='ocr_line' id='line_1_23' title="bbox 203 2735 648 2810; baseline 0.018 -22"><span class='ocrx_word' id='word_1_210' title='bbox 203 2735 359 2795; x_wconf 87' lang='lat' dir='ltr'>anctoritate</span> <span class='ocrx_word' id='word_1_211' title='bbox 369 2739 417 2796; x_wconf 88' lang='lat' dir='ltr'>ista</span> <span class='ocrx_word' id='word_1_212' title='bbox 431 2739 523 2810; x_wconf 90' lang='lat' dir='ltr'>opinio</span> <span class='ocrx_word' id='word_1_213' title='bbox 535 2747 648 2796; x_wconf 87' lang='lat' dir='ltr'>constat.</span> 
     </span>
    </p>
   </div>
   <div class='ocr_carea' id='block_1_10' title="bbox 0 0 1478 4746">
    <p class='ocr_par' dir='ltr' id='par_1_11' title="bbox 0 0 1478 4746">
     <span class='ocr_line' id='line_1_24' title="bbox 0 0 1478 4746; baseline 0 4"><span class='ocrx_word' id='word_1_214' title='bbox 0 0 1478 4746; x_wconf 95' lang='lat' dir='ltr'> </span> 
     </span>
    </p>
   </div>
  </div>
 </body>
</html>
