2946 4746
697 280 851 345 -ro-2

78 416 84 427 “
173 393 177 403 ’
205 410 297 476 nibus
311 409 343 474 in
355 407 474 495 jocum,
492 407 543 493 qui
559 427 630 476 cum
646 407 737 473 solita
753 406 821 493 ejus
832 417 864 472 et
877 405 997 471 curiosa
1007 406 1226 473 vocabulorum
1241 409 1340 495 expli-

204 521 326 598 catione
346 520 421 586 satis
447 498 602 606 congruit,
621 519 722 605 lepide
737 519 847 602 versis⁷
861 517 1022 584 deridebat
1036 519 1097 604 (1).
1116 519 1205 586 Unde
1218 541 1344 608 quoque.

206 635 345 721 arguitur
358 654 427 701 sese
440 654 458 703 a
475 624 631 720 Sophistis
643 633 778 721 separari
799 633 947 716 voluisse,
965 632 1048 719 quod
1060 634 1188 702 omuino
1202 634 1344 721 probauit

204 749 358 815 Maximus
373 747 496 836 Tyrius
517 747 646 833 pulchra
674 746 796 813 Prodici
822 746 999 831 eloquentia
1015 758 1199 830 memorata,
1220 748 1346 835 Hippiae

205 873 310 929 autem
329 881 406 928 vana
421 860 583 943 facundia,
610 860 764 927 rhetorica
787 858 908 945 Gorgiae
924 870 956 928 et
977 859 1199 953 Thrasymaehi
1222 862 1347 953 violen7

204 975 247 1041 tia
273 975 332 1058 (ᾖ).

248 1089 317 1155 Nou
335 1089 515 1167 minushoe
534 1086 649 1155 abillis
676 1089 826 1173 distabat,
851 1091 933 1176 quod
952 1111 1022 1158 sese
1040 1091 1080 1157 de
1097 1091 1237 1177 oratione
1256 1091 1348 1168 inve·¹

205 1200 289 1294 nisse
303 1198 516 1286 profitebatur,
540 1200 684 1287 quodque
698 1200 766 1287 ejus
781 1201 909 1287 ingenio
925 1222 1050 1289 semper
1060 1202 1191 1291 modum
1208 1201 1345 1295 tenenti2

206 1313 323 1403 optime
342 1312 556 1380 conveniebat.
577 1313 683 1396 Quum
697 1312 866 1409 ridiculum
876 1315 994 1383 diceret
1012 1336 1101 1408 csse,
1116 1316 1142 1389 si
1158 1315 1231 1401 quis
1242 1315 1347 1389 breui:

206 1435 303 1492 tatem
324 1425 495 1512 quamlibet
515 1427 554 1493 de
573 1427 660 1493 omni
681 1447 733 1510 re,
758 1428 951 1495 infinitamve
977 1429 1100 1496 dicendi
1114 1428 1344 1515 longitudinem

206 1543 409 1629 gloriaretur,
422 1562 456 1635 se
471 1544 573 1613 solum
588 1543 741 1629 reperisse
757 1541 902 1609 credebat
922 1562 1028 1609 veram
1052 1541 1201 1608 orationis
1224 1550 1342 1620 artem,

207 1675 295 1740 qna,
312 1655 392 1721 sicut
405 1654 612 1750 praedicabat,
633 1653 717 1740 justa
740 1673 887 1751 mensura
910 1654 1096 1721 terminatur
1114 1653 1174 1741 (3).
1200 1653 1234 1719 ld
1248 1650 1345 1726 etiam

207 1767 285 1835 adeo
300 1768 442 1854 probavit
457 1768 652 1852 Aristoteles,
677 1780 713 1835 ut
726 1769 757 1835 in
774 1772 940 1836 Rhetorica
955 1769 1057 1836 simile
1078 1780 1266 1856 praeceptum
1287 1769 1351 1849 de-x

207 1880 299 1964 derit,
314 1881 478 1968 lepideque
490 1882 760 1970 explicaverit(ll).
844 1884 846 1889 ⁴

250 1995 331 2078 Quid
346 2007 450 2062 autem
465 1995 543 2062 illud
558 2006 623 2078 est,
647 1995 708 2062 nisi
723 1996 826 2064 dicere
843 2000 938 2083 apte?
960 1997 1050 2077 Quod
1074 2018 1110 2064 ea
1134 1999 1202 2084 lege
1222 2007 1351 2068 tantum,
1432 2038 1435 2043 -

206 2120 310 2196 potest
326 2110 411 2190 fieri,
429 2110 454 2175 si
470 2110 543 2195 quid
558 2108 667 2176 deceat
688 2109 855 2196 diligenter
878 2110 1062 2196 inspexeris.
1091 2111 1166 2178 Haec
1188 2111 1273 2178 enim
1299 2110 1344 2178 rei

206 2243 330 2289 summa
340 2234 389 2289 est
401 2251 413 2307 ς
424 2243 558 2309 namque
570 2222 645 2309 quid
659 2207 756 2291 relert'
764 2234 799 2289 nt
807 2223 1078 2310 quantulacunque
1088 2224 1126 2290 de
1136 2243 1170 2289 re
1183 2223 1300 2290 diutius
1314 2235 1347 2290 et

206 2337 274 2404 sine
290 2336 471 2405 intermissu
486 2337 575 2405 lacile
591 2337 770 2424 eloquaris?
790 2337 889 2421 Eam,
905 2337 1033 2424 opinor,
1050 2338 1162 2424 vulgus
1176 2348 1266 2406 vocat
1279 2339 1346 2405 elo-

185 2455 187 2458 ’
206 2452 387 2537 quentiam3
406 2451 519 2538 quihus
533 2472 606 2519 vero
618 2462 753 2537 eteaput
766 2451 892 2518 firmum
904 2463 965 2535 est,
979 2463 1011 2518 et
1022 2462 1176 2518 emunctae
1190 2471 1297 2535 nares,
1314 2462 1346 2518 et
1422 2480 1428 2493 ·

206 2565 390 2651 exquisitius
400 2564 554 2652 judicium
567 2595 575 2647 ς
596 2565 711 2652 quique
725 2565 812 2632 llocci
827 2564 944 2631 faciunt
958 2565 1085 2652 inopem
1105 2564 1226 2652 copiam
1240 2574 1273 2632 et
1285 2585 1351 2640 nu-,

205 2698 260 2766 gas
273 2699 415 2764 canoras,
432 2678 495 2745 illis
508 2688 651 2766 opportet
666 2698 732 2762 res,
749 2679 936 2762 sententias,
953 2689 1137 2766 argumenta
1151 2679 1273 2763 afferre,
1289 2699 1347 2759 rae¹

205 2793 302 2877 riarc,
319 2776 485 2880 disponere
499 2814 607 2881 queas.
637 2792 763 2859 Scilicet
786 2813 896 2880 parum
912 2793 1058 2880 estquod
1075 2802 1190 2861 teretes
1206 2794 1349 2875 mulceas.¹

205 2886 359 2975 auriculas
373 2917 406 2974 et
414 2927 547 2995 occupes
561 2905 688 2991 oculos,
704 2905 765 3000 uisi
779 2906 919 2995 oratione
942 2906 981 2973 ad
998 2927 1066 2974 rem
1089 2890 1322 2974 accommodata
1335 2959 1347 2989 „

205 3018 346 3087 animum
365 3029 477 3087 mactes
498 3040 534 3087 ac
549 3029 658 3106 pectus
674 3000 802 3086 moneas
813 2999 879 3103 (5).
903 3019 938 3086 ld
953 3028 1001 3086 est
1014 3019 1142 3087 demum
1154 3029 1226 3105 apte
1242 3018 1353 3092 dicere,

205 3143 237 3199 et
248 3131 369 3220 justum
384 3132 517 3200 orationi
528 3132 657 3200 modum
671 3130 837 3200 adhibere:
855 3153 966 3219 eaque,
991 3153 1059 3218 quae
1074 3151 1146 3198 vere
1160 3141 1210 3198 est
1219 3130 1322 3197 Attica
1335 3183 1348 3223 ‚¹

205 3246 329 3315 dicendi
355 3247 476 3315 ratione
497 3246 742 3314 Atheniensibus
767 3246 920 3335 placuisse
941 3246 1108 3315 Prodicum
1128 3243 1194 3332 jam
1220 3264 1353 3324 memo-k

203 3360 340 3428 ravimus
359 3359 420 3440 (6).
439 3362 556 3427 chm
572 3370 678 3427 tamen
695 3359 854 3448 sapientia
867 3360 1005 3429 studium
1029 3379 1190 3446 nunquam
1216 3358 1323 3426 omisit
1336 3412 1357 3452 ,9

245 3577 278 3646 ll)
299 3579 333 3634 ll.
348 3592 424 3639 arur.
440 3578 482 3632 29.
500 3576 568 3633 Edit.
584 3577 679 3634 Bulrle.
694 3606 725 3616 —
735 3580 832 3634 Locum
842 3579 879 3634 sic
891 3578 1001 3635 restituit
1023 3579 1147 3649 Spengel.
1163 3593 1241 3648 quem
1256 3577 1351 3649 laudatr

202 3675 358 3730 wolckerus
380 3674 414 3742 (in
431 3688 510 3743 supra
523 3673 592 3729 dieta
603 3673 744 3742 dissertat).
761 3674 871 3731 Codices
886 3684 971 3732 tamen
986 3691 1047 3730 mss.
1067 3676 1183 3752 circinos
1194 3687 1286 3729 omues
1298 3673 1345 3755 leaf

201 3772 274 3828 beut.
286 3803 322 3815 -
334 3772 373 3829 Cl.
390 3771 493 3827 Maxim.
508 3775 571 3840 Tyr.
588 3772 642 3835 Vll,
661 3770 717 3825 inlr.
732 3771 826 3829 abien
837 3779 992 3841 Θραωμάκου
1004 3772 1095 3821 ἀδικίαν
1106 3779 1241 3825 memorat.

212 3852 214 3857 ’
241 3872 276 3939 (a)
298 3870 370 3946 usu.

242 3967 275 4036 (3)
296 3967 409 4024 roaeor.
424 3967 474 4023 loe.
491 3966 563 4031 citat.

240 4065 274 4134 (ἱι)
290 4069 402 4121 illector.
418 4068 462 4122 Ill.
480 4065 524 4122 16.
539 4066 621 4123 —Cl
639 4064 748 4131 Quintil.
764 4067 857 4131 lv,11‚
873 4062 966 4122 toto.

240 4164 275 4232 (5)
296 4165 390 4220 Bullon
401 4162 507 4236 ‚fotae
523 4164 558 4219 de
574 4164 759 4233 acceptiora
776 4161 881 4232 laced.
897 4161 1055 4236 franpaiac.

238 4257 271 4329 tc)
289 4263 423 4317 statuam
437 4265 557 4312 atroam-2
571 4261 657 4319 atteri,
670 4259 818 4317 patrorum.
839 4259 856 4315 r.
872 4274 896 4314 c.
1044 4237 1065 4252 ”
