2946 4746
696 325 736 335 ..
757 296 796 350 42
816 323 855 334 ...

1068 384 1078 408 .

195 419 331 486 uiuendo
346 420 519 505 sequimur.
543 421 619 488 lndc
641 423 821 509 mythorum
838 442 934 504 usuS‚
960 421 1074 507 quibus
1097 422 1195 488 animi
1212 421 1346 487 infirmi-

79 531 81 536 ’
196 544 245 600 tas
258 531 438 618 adjuratum
467 533 624 619 siquidem
641 535 720 601 nihil
737 535 821 603 aliud
835 545 884 602 cst
898 534 1025 621 mythus
1039 555 1133 620 quam
1152 535 1253 602 oratio
1270 534 1346 600 lalsa

192 665 258 732 ,qua
272 645 387 720 veritas
398 645 577 733 attingatur.
606 672 621 708 r

240 760 331 841 Quod
354 770 496 827 ueterum
515 761 773 849 philosophorum
797 764 846 829 vol
872 764 1008 850 optimos
1035 763 1168 830 minime
1190 762 1291 848 fugit3
1317 771 1348 827 et

193 873 330 948 sumo,
344 874 399 960 qui
413 887 479 941 tam
495 875 663 962 diligenter
676 876 849 944 Homerum
864 863 903 942 ab
917 875 1136 944 Eratosthenis
1155 874 1297 960 Zoilique
1310 872 1349 940 de

192 988 312 1057 'fabulis
326 974 403 1076 ipsis
418 988 689 1057 criminationibus
704 991 839 1073 exemit,
866 1001 975 1078 utpote
998 1011 1093 1078 quem
1116 1009 1189 1057 uere
1208 989 1349 1076 philoso-

160 1113 165 1123 ’
195 1103 297 1189 «ρὴυιη
309 1123 391 1186 esse,
406 1129 420 1164 (ι
437 1124 500 1171 non
509 1103 615 1171 minus
625 1104 746 1192 poetica
756 1104 870 1172 virtute
878 1125 972 1191 quam
981 1105 1054 1171 vitae
1067 1102 1167 1170 civilis
1179 1102 1348 1189 experien-

199 1215 242 1282 tia
253 1226 375 1284 ceteros
387 1228 588 1304 supe-mntem
596 1243 648 1302 »‚«
656 1227 690 1285 et
700 1237 773 1284 uere
784 1218 1037 1305 philosophicum
1044 1237 1123 1304 opus
1137 1206 1345 1302 (praesumpsit

199 1331 423 1418 conscripsisse
432 1330 551 1417 judicat
568 1332 634 1416 (l),
650 1351 722 1399 cum
735 1333 893 1419 plerisque
903 1332 1123 1400 animadvertit
1136 1330 1253 1416 ubique
1267 1328 1348 1396 hene

198 1456 342 1532 acceptos
356 1466 425 1512 osse
446 1456 555 1532 poetas
573 1445 769 1532 jucunditate
784 1447 842 1514 sibi
859 1447 954 1515 fidem
977 1446 1194 1529 vindicantes3
1221 1445 1347 1531 sapien-

199 1559 276 1626 tiam
291 1571 409 1643 autem,
421 1560 496 1642 nisi,
511 1560 735 1647 superinducto
747 1561 851 1647 aliquo
865 1561 949 1638 suco.
965 1546 1149 1629 adumbrata
1159 1559 1213 1641 sit,
1224 1559 1346 1645 repelli.

198 1674 306 1760 ltaque
320 1685 353 1741 et
367 1674 406 1741 ab
421 1675 512 1742 initio
532 1685 565 1742 et
587 1685 696 1762 postea
709 1674 968 1762 philosophorum
986 1673 1180 1742 orationibus
1203 1673 1350 1740 admisso

200 1787 310 1856 lahulae
325 1818 332 1864 ;
351 1790 435 1876 quod
449 1789 487 1858 ils
501 1788 660 1857 societatis
671 1801 704 1856 et
719 1789 807 1875 quasi
820 1789 1016 1875 cognationis
1025 1789 1185 1883 vinculum
1198 1798 1265 1854 crat
1276 1808 1348 1854 eum

198 1901 308 1988 priscis
319 1903 431 1988 pontia,
449 1903 685 1990 praesertimque
706 1921 779 1969 cum
795 1903 933 1970 Homero
945 1913 978 1969 et
991 1901 1149 1985 Hcsi0d0;
1166 1885 1248 1986 apud
1271 1922 1351 1986 quos

195 2013 262 2103 jam
276 2017 402 2104 mythos
415 2016 641 2104 allegoriasque
660 2017 731 2102 plus
756 2016 855 2083 nimio
877 2016 1065 2102 quibusdam
1089 2014 1219 2082 scmtari
1240 2024 1278 2080 ct·
1293 2035 1351 2080 ex-

198 2135 305 2194 cutem
321 2125 412 2193 libuit
431 2127 493 2212 (2).
520 2127 620 2214 lgitur'
640 2128 772 2215 quisque
797 2128 1004 2215 philosophus
1019 2133 1098 2214 (ut,
1123 2126 1204 2194 hene
1221 2136 1351 2195 notante

198 2237 268 2324 ipso
282 2238 464 2323 Aristotele,
482 2241 618 2326 quodam
638 2241 733 2309 modo
753 2244 879 2325 φιλόμυθος
904 2242 953 2327 (3)
967 2262 1037 2308 csse
1058 2224 1161 2326 sole't)
1183 2240 1265 2307 fictis
1278 2260 1352 2307 vera

201 2351 376 2435 involvens,
391 2359 570 2437 rhythmum
579 2367 738 2439 pastorem
754 2355 819 2442 egit
835 2353 901 2438 (ll),
928 2365 1020 2441 atquc
1035 2375 1091 2441 per
1101 2353 1211 2421 dorida
1230 2352 1350 2420 sabula-

199 2486 268 2533 rum
283 2487 397 2554 pascua
406 2468 536 2536 deduxit
548 2470 683 2555 animos,
695 2470 749 2537 uhi
761 2470 891 2541 veritate
902 2479 1115 2536 vescerentur.
1128 2467 1177 2534 Ab
1191 2469 1250 2534 hac
1265 2468 1351 2554 prio-

200 2598 270 2646 rum
293 2582 521 2649 consuetudine
539 2583 671 2651 minime
687 2583 787 2654 abfuit
811 2584 879 2671 ipsc
900 2583 1002 2666 Plato,
1030 2582 1083 2668 qui
1101 2593 1133 2648 ct
1146 2582 1270 2669 multas
1285 2581 1352 2648 suis

199 2692 348 2778 operibus
364 2693 498 2766 inseruit
524 2695 658 2780 fabulas,
676 2707 708 2763 et
722 2716 817 2783 quam
831 2696 871 2763 de
887 2696 1078 2763 Prometheo
1093 2695 1260 2782 scripserat
1272 2695 1352 2760 Pro-

199 2816 335 2893 tagoras,
352 2808 445 2876 nobis
469 2809 610 2877 tradidit.
635 2810 738 2881 Simili
761 2809 979 2898 Xenophontis
999 2809 1174 2905 beneficio,
1199 2809 1252 2895 qui
1271 2808 1350 2874 nihil

199 2919 418 3008 hujuscemodi
439 2924 516 2992 alias
540 2925 638 3008 lecit,
663 2927 822 3012 egregiam
848 2926 887 2993 de
907 2922 1040 2992 Hircule
1067 2924 1188 2992 Prodici
1212 2923 1350 2990 fabulam

199 3035 364 3112 habemus.
384 3037 485 3118 Quam
502 3040 654 3125 prolecto,
671 3051 706 3106 ut
716 3040 832 3126 legitur
845 3038 928 3129 apud
945 3059 1031 3121 eum,
1049 3059 1143 3105 nemo
1156 3049 1204 3105 est
1218 3037 1271 3124 qui
1284 3058 1352 3104 cre·

198 3299 277 3364 soph.
293 3303 311 3353 t.
335 3297 367 3359 l,
389 3312 415 3366 p.
432 3297 564 3364 aaa-323,
585 3298 677 3363 iri-18,
692 3298 773 3358 18u7.
792 3329 826 3340 -
841 3300 880 3356 el.
896 3300 1047 3356 Memoircs
1070 3300 1104 3354 de
1118 3297 1287 3355 l’Acadcma’c
1304 3297 1353 3351 des

197 3394 407 3464 inscriptions,
433 3407 451 3453 t.
477 3398 527 3462 57,
551 3397 643 3462 iri-la,
667 3413 694 3467 p.
712 3399 774 3455 297.
798 3421 809 3448 «ι
828 3404 868 3454 De
882 3399 991 3469 l'usage
1005 3415 1061 3473 que
1082 3401 1184 3454 Platon
1205 3395 1353 3466 asaitdes

197 3493 310 3573 fatres,
327 3507 376 3563 par
390 3492 476 3568 l'uhbe
490 3491 608 3550 Garnier.
819 3472 829 3487 ”

238 3590 273 3660 (1)
294 3590 382 3647 Sunh.
397 3606 423 3656 1,
437 3606 464 3661 p.
481 3593 507 3655 ἱ),
523 3595 561 3656 Β;
575 3591 624 3656 25,
638 3595 674 3656 Β,
698 3595 737 3659 1);
752 3593 806 3656 ἳΰ.
826 3593 877 3650 ‘271
892 3601 920 3649 et
933 3592 996 3649 alib.
1010 3601 1127 3649 sexcent.
1144 3591 1194 3647 loc.

238 3689 272 3758 (2)
292 3691 319 3745 Is
338 3697 430 3759 postea
444 3690 526 3761 magis
538 3704 570 3746 ac
585 3690 666 3760 magis
681 3690 787 3746 invaluit
804 3706 883 3762 quem
896 3690 981 3747 dicam
993 3691 1125 3755 furorem,
1140 3688 1209 3744 haud
1223 3684 1354 3743 dissimilis

196 3801 275 3857 quam
291 3788 361 3858 apud
375 3803 424 3844 nos
437 3789 552 3859 generis,
562 3803 644 3860 quum
659 3789 777 3860 qualibet
790 3789 895 3858 depicta
908 3789 1035 3845 coelatave
1058 3787 1171 3858 imagine
1190 3786 1261 3844 aliud
1274 3798 1354 3855 quam

195 3887 269 3958 quod
289 3885 438 3943 ostendilur
452 3887 592 3958 significari
606 3887 686 3944 velint
699 3890 758 3957 (La
769 3887 983 3960 apostolique),
994 3885 1065 3942 haud
1079 3887 1175 3944 minori
1187 3883 1305 3943 adhibita
1318 3883 1355 3939 ln·

197 3972 360 4054 terprelandi
372 3983 524 4049 subtilitate.
539 3987 704 4056 qua'veleres
712 3997 807 4057 poetas
816 3996 844 4042 et
854 3987 1026 4056 philosophos
1038 3984 1230 4041 Alexandrinus
1238 3966 1354 4054 'quisque

197 4083 366 4153 investigator
380 4084 490 4141 vexavit.
509 4086 558 4154 (V.
571 4085 723 4155 olympiad.
738 4086 781 4142 Ad
795 4085 944 4155 Gorgiam,
957 4084 1035 4150 ibid..
1051 4100 1076 4154 p.
1091 4084 1154 4142 365.

239 4180 271 4248 (3)
296 4182 485 4252 metaphoric.
501 4182 527 4246 1,
546 4184 573 4246 2,

239 4277 272 4347 (hl
301 4295 312 4332 r
327 4287 431 4343 horpale
441 4282 525 4343 paruo,
545 4303 556 4330 a
581 4280 676 4338 Timon
687 4278 721 4337 de
736 4283 907 4345 Democrito,
926 4279 995 4352 apud
1008 4279 1086 4350 Diog.
1103 4283 1189 4335 hamt
1202 4291 1238 4341 rx,
1253 4275 1298 4334 uo.
