2946 4746
663 309 822 368 -85-—

208 444 418 510 Externorum
440 441 492 526 qui
509 440 591 507 varic
610 440 764 526 variisque
779 438 911 526 linguis,
928 439 977 506 rel
996 439 1151 527 pressius,
1168 443 1217 509 vel
1233 444 1310 513 libe-

165 562 230 628 rius
242 560 323 626 hanc
335 555 472 623 fabulam
487 554 709 635 reddiderunt,
727 554 849 619 nullum
864 552 1011 637 afferam,
1027 565 1062 621 ut
1085 556 1196 624 inillis
1212 558 1312 629 literis

165 679 301 765 hospes,
322 697 424 762 neque
439 676 519 742 ultra
534 675 667 741 aliorum
680 673 858 740 testimonia
879 672 1009 740 edoctus
1024 672 1080 761 (l),
1098 673 1153 741 sed
1168 686 1311 760 nostros,

165 792 239 879 quia
251 810 405 879 nusquam
420 790 520 875 magis
535 787 716 854 inclaruerit
727 786 888 853 l³rodicius
902 786 1065 870 Hercules,
1082 769 1195 855 melius
1208 790 1310 855 risum

164 916 215 973 est
228 924 330 991 operae
350 902 486 989 pretium
502 921 676 968 recensere.
1250 892 1253 899 ⁴

209 1017 320 1103 Igitur,
343 1015 551 1101 pretermissa
562 1014 612 1080 illa
628 1014 666 1080 de
677 1016 762 1083 Rosa
778 1024 899 1081 vetusta
911 1014 1049 1097 dictione,
1066 1015 1155 1101 cujus
1168 1016 1200 1080 in
1216 1015 1311 1100 priori
1366 1038 1368 1045 ¹

164 1142 265 1219 parte,
283 1129 420 1216 puellula
432 1149 499 1214 quie
513 1128 694 1194 nominatur
709 1121 818 1194 otioso
835 1137 867 1193 et
882 1127 1031 1194 ostiolum
1054 1127 1169 1193 amanti
1187 1128 1310 1210 roserit,

164 1245 203 1311 ad
217 1242 457 1311 similitudinem
483 1241 633 1308 Prodiciae
647 1241 822 1327 Voluptatis
839 1241 915 1307 satis
934 1239 1052 1307 accedit
1065 1240 1111 1328 (ἢ)
1130 1270 1138 1323 3
1155 1240 1313 1326 inposte-

163 1363 238 1430 riori
254 1374 371 1444 autem,
397 1360 488 1426 Ratio
503 1360 670 1426 luventam
692 1357 804 1425 iisdem
831 1357 995 1423 adumbrat
1015 1355 1171 1422 coloribus
1199 1355 1313 1443 quibus

76 1510 83 1521 ·
162 1475 344 1562 depingitur
356 1474 483 1559 antiqua
492 1472 658 1557 Voluptas:
673 1470 848 1558 Voluptatis
857 1473 956 1560 (Dedit)
968 1479 1108 1535 ceterum
1121 1469 1237 1535 famula
1250 1481 1311 1554 est,

106 1608 115 1615 ·
164 1596 197 1653 et
211 1586 407 1652 malefacere
425 1585 562 1652 assuerit
574 1583 645 1670 (3)3
673 1585 882 1671 praetermissa
902 1604 1039 1670 quoque,
1059 1606 1126 1671 quae
1144 1585 1312 1652 Prodicum

163 1700 290 1786 longius
305 1699 458 1787 sequitur,
484 1698 630 1765 Adelardi
645 1697 747 1764 Bathii
762 1698 854 1784 paulo
872 1697 1032 1764 vetustiori
1054 1697 1242 1781 imitatione,
1258 1698 1312 1765 ubi

160 1804 323 1893 juvenem,
337 1808 458 1873 invalle
470 1808 659 1891 Turonensi,
671 1800 753 1874 inter
766 1808 866 1875 varias
879 1793 974 1892 artes,
988 1831 1056 1895 quie
1069 1811 1108 1876 de
1121 1808 1189 1895 ejus
1205 1810 1312 1876 animo

109 1983 117 2000 ,
163 1907 338 2004 decertant,
352 1922 489 2007 positum
499 1922 606 1989 videas
618 1923 655 2011 (d)
667 1953 675 2008 3
687 1922 725 1989 ad
736 1923 906 2019 recentiora
919 1934 1060 2009 tempora
1070 1922 1309 1989 descendamus.

82 2118 84 2121 Ι
163 2034 290 2101 Primus
305 2035 389 2102 inter
400 2036 544 2122 egregios
557 2048 665 2124 poetas
677 2037 729 2123 qui
745 2037 905 2123 antiquam
920 2036 1062 2103 Herculis
1074 2035 1209 2102 salsulam
1221 2056 1313 2123 repe-

162 2147 253 2230 tiere,
270 2149 403 2215 occurrit
412 2149 519 2217 loach.
534 2150 679 2232 Bellaeus,
688 2150 742 2236 qui
756 2151 932 2236 ingeniose,
945 2149 1142 2236 paucissimis
1151 2149 1310 2233 versibus,

163 2271 262 2327 tutam
278 2282 371 2348 quarn
385 2263 575 2349 explicuerat
588 2263 694 2329 herois
708 2263 804 2330 vitam
818 2263 981 2346 Prodicus,
998 2264 1180 2350 complexus
1194 2275 1243 2330 est
1258 2264 1308 2351 (5).

161 2374 283 2442 Eodem
302 2386 443 2462 ternpore
465 2397 535 2444 eam
557 2377 695 2462 vulgavit
716 2377 750 2443 iu
775 2377 840 2443 suis
863 2377 1066 2443 Tetrastichis
1091 2377 1185 2444 Guid.
1211 2376 1312 2444 Faber

121 2502 127 2515 ·
161 2488 324 2556 Pibracius
341 2491 403 2576 (6),
422 2499 453 2556 et
469 2491 664 2577 paulopost,
699 2489 821 2556 Theod.
854 2489 990 2575 Agrippa
1012 2489 1194 2557 Albiniacus
1215 2490 1310 2556 simili

163 2599 259 2668 modo
273 2601 464 2668 adolescenti
490 2602 614 2668 cuidam
640 2621 792 2687 generoso
814 2602 999 2684 Fortunam,
1022 2589 1254 2687 Virtutemque,
1278 2602 1310 2667 in
1427 2627 1429 2633 ·

160 2711 214 2777 illa
236 2712 389 2798 flagitiosa
406 2713 603 2780 Valesiorum
617 2713 699 2797 aula,
727 2713 760 2778 in
777 2713 897 2780 somnis
912 2712 1070 2782 adstitisse
1093 2714 1199 2799 fiuxit,
1216 2723 1310 2799 atque

159 2824 244 2895 haud
265 2825 424 2892 immerito
445 2826 608 2911 antiquum
632 2837 847 2893 commentum
863 2827 915 2892 hic
937 2836 969 2893 et
985 2827 1085 2912 magis
1110 2847 1205 2913 quarn
1227 2826 1308 2914 apud
1409 2877 1413 2886 .

92 3101 97 3108 ·
159 3104 187 3157 p.
202 3089 360 3152 addin-12.
374 3090 421 3145 Hic
432 3091 566 3146 Themistii
578 3106 679 3147 mernor
694 3092 741 3147 luit
751 3100 777 3147 et
788 3091 885 3161 Virgini
900 3090 987 3147 Mariae
1000 3091 1105 3147 Virtutis
1117 3102 1205 3161 partes
1218 3092 1307 3157 dedit:

159 3188 314 3243 inscribitur
328 3204 432 3244 carmen
453 3205 460 3244 ε
481 3191 578 3246 Μανία
592 3194 703 3247 Custos-

201 3286 234 3353 (1)
253 3287 292 3340 De
306 3285 345 3339 his
356 3286 543 3348 uidendum.
560 3289 714 3344 Dissertot.
731 3289 766 3343 de
778 3288 891 3344 Prodit.
906 3303 932 3358 p.
949 3289 1026 3345 15.-
1038 3289 1066 3344 V.
1075 3288 1108 3344 cl.
1120 3292 1145 3344 J.
1160 3290 1188 3344 V.
1201 3288 1309 3344 teclerc

160 3381 187 3439 iu
202 3381 313 3437 notisad
332 3383 416 3438 Cicer.
431 3398 511 3452 supra
526 3384 688 3440 laudat²s.—
699 3386 738 3441 Cl.
752 3386 878 3448 Lemaire,
894 3394 949 3442 not.
965 3387 997 3441 ud
1010 3386 1100 3442 Silium
1113 3387 1196 3444 italic.
1210 3401 1252 3443 xv.

202 3480 235 3546 (2)
253 3485 363 3535 Ronran
374 3481 536 3546 deleme,
552 3482 613 3538 edit.
630 3484 726 3552 gothic.
741 3483 798 3539 siue
812 3485 985 3540 aunoetloco
1002 3485 1122 3554 (tanat)
1138 3489 1308 3541 :comment
1334 3542 1336 3545 ,

160 3582 254 3636 Dante
272 3581 399 3648 Opscuse
415 3579 550 3636 ouorr'tla
562 3590 645 3650 porte
658 3580 816 3638 dl'Antont.
1109 3573 1111 3578 ¹

200 3677 233 3746 (3)
254 3678 321 3734 lbid.
336 3680 418 3735 lehun
432 3680 465 3734 de
481 3682 576 3748 Meung
588 3695 595 3734 :
609 3682 735 3734 leunesse
745 3689 785 3735 est
795 3679 992 3739 chamberidre
1002 3681 1035 3736 de
1047 3680 1125 3736 dedit.

200 3776 234 3844 (lx)
257 3777 401 3836 Jourdain.
415 3781 583 3832 Recterclres
594 3793 646 3831 sur
660 3777 731 3847 (ἀρε
743 3787 771 3832 et
792 3778 921 3848 dorip'ne
940 3779 988 3833 des
1004 3778 1187 3834 traductions
1202 3777 1310 3832 d'Aris-

161 3873 331 3942 tote‚p.29.

133 3956 135 3962 ’
201 3971 234 4039 (5)
257 3973 280 4025 J.
293 3971 328 4026 du
352 3971 454 4041 Bellay‚
482 3976 608 4027 OEuures
623 3973 804 4045 Fronpoises.
818 3977 927 4037 Rauen,
952 3989 1019 4042 pour
1038 3975 1157 4042 Georges
1173 3972 1305 4040 Loysclet.

162 4069 249 4131 1592,
264 4069 347 4131 inda.
363 4069 384 4123 l⁰
398 4068 459 4131 135.
477 4086 502 4125 u.
515 4101 547 4110 -
560 4072 673 4127 Recueil
685 4072 720 4126 de
734 4071 854 4134 Possies.
871 4073 930 4128 Ode
944 4074 973 4134 V.
988 4072 1002 4126 i
1019 4071 1203 4140 llonseigncur
1213 4071 1237 4125 le
1250 4085 1309 4125 car·

159 4165 230 4222 dinul
246 4167 280 4223 de
292 4169 380 4237 Guyse

116 4336 124 4349 ι
201 4267 238 4334 (6)
261 4268 423 4342 (luotrnins
435 4284 579 4333 tuoruum,
599 4285 671 4326 xxxv.
