2946 4746
679 293 838 350 Npp..

180 409 310 480 Sooratc
326 424 357 481 et
368 413 562 482 Theramene
578 418 628 502 (1)
641 417 801 504 discipulis
817 419 882 486 suis
898 438 967 485 sese
992 419 1122 506 dignum
1142 423 1321 511 prebuisse.

224 527 294 615 :ugo
314 528 441 614 quidem
470 549 543 596 cum
570 531 673 598 nidere
696 533 774 598 mihi
802 533 909 599 videor
933 554 1029 620 prope
1050 539 1207 624 octoginta
1233 544 1324 609 annis

182 653 302 725 natum,
329 643 442 729 exiguo
467 643 654 730 infirmoque
678 665 819 732 corpore,
841 647 934 733 longa
960 659 1050 716 aetate
1075 652 1216 719 attritum
1244 667 1323 724 atte-

113 761 115 766 ’
179 765 308 822 nuatum
322 776 394 841 que,
411 756 567 843 quomodo
579 757 692 823 leuiter
703 777 791 825 more
808 779 866 826 suo
881 758 1048 828 subridens
1063 762 1125 849 (..),
1145 765 1204 832 hac
1224 767 1322 835 animi

176 867 306 935 infracta
330 870 490 956 acquitate,
524 889 618 956 quam
646 870 887 958 ophilosophiae
915 875 1088 959 praeceptis,
1112 875 1321 967 Ceiorumque

175 1001 305 1049 suorum
317 982 469 1050 institutis
483 982 532 1070 (3)
543 982 685 1066 duxerat,
706 985 857 1052 exhausto
869 985 977 1052 cicutae
988 988 1099 1072 poculo
1110 989 1173 1075 (1),
1187 1010 1317 1078 exspoc-

176 1095 286 1162 taverit
315 1105 461 1162 mortem.
489 1094 579 1161 Tunc
604 1095 755 1181 prolecto,
781 1098 879 1165 oculis
905 1097 937 1162 iu
958 1098 1075 1165 coelum
1101 1099 1223 1185 deliris,
1253 1114 1320 1171 toto

173 1207 278 1274 auimo
299 1207 568 1294 contemplabatur
588 1207 675 1273 illam
701 1227 819 1290 veram,
843 1229 936 1295 quam
960 1211 1092 1294 vocavit,
1124 1213 1236 1279 animae
1261 1236 1318 1301 pa-

170 1321 275 1403 triam,
292 1340 417 1406 semper
432 1319 482 1386 his
495 1320 528 1386 in
542 1320 647 1403 torris,
664 1321 724 1387 hoc
739 1320 770 1385 iu
786 1321 924 1408 corporis
944 1322 1142 1391 tabernaculo
1162 1326 1319 1400 desidera.

169 1447 246 1517 tam,
263 1433 333 1500 illas
353 1433 499 1501 crelostes
512 1434 642 1500 choreas
656 1433 709 1499 ubi
726 1440 846 1500 certum
869 1433 944 1500 boui
960 1444 1070 1501 tenent
1083 1436 1199 1520 locum,
1217 1405 1326 1524 quum

168 1560 293 1616 terreno
307 1567 325 1613 e
339 1565 462 1614 carcere
476 1547 676 1614 evolaverunt
692 1546 752 1626 (5).
768 1546 850 1613 Hinc
861 1567 910 1629 ca,
925 1567 1018 1633 quam
1031 1549 1179 1617 omnibus
1188 1571 1316 1638 semper

93 1750 94 1754 Ἰ
166 1665 325 1741 adhibuit,
355 1663 478 1730 Prodici
507 1663 708 1749 benignitas:
738 1672 773 1729 ut
797 1663 877 1728 coelo
910 1673 1113 1748 cognatorum
1146 1665 1314 1732 homiuum

166 1798 262 1845 unam
275 1797 346 1845 esse
358 1788 485 1864 gentem
499 1775 658 1860 credebat,
668 1775 730 1857 diis
742 1774 967 1841 beneficiorum
978 1778 1131 1843 memoria
1143 1779 1312 1862 addictam,

164 1893 210 1961 sic
233 1892 390 1959 humanos
413 1890 507 1956 etiam
532 1899 632 1956 coetus
652 1898 763 1955 mutuo
783 1907 885 1974 opere
911 1890 1094 1974 praestandae
1121 1893 1311 1960 commercio

161 2017 303 2074 constare
333 2014 366 2072 et
389 2005 563 2072 coalescere
593 2003 702 2070 voluit.
736 2002 866 2069 Minime
891 2003 1143 2089 igitur'dubium
1168 2008 1244 2093 quin
1271 1989 1345 2096 ers'¹
1433 2006 1442 2020 ’

160 2131 266 2187 mente
279 2120 364 2185 hunc
376 2138 458 2204 saepe
472 2115 651 2203 Epicharmi
667 2116 757 2182 siculi
770 2112 896 2182 versum
912 2116 1055 2184 dictitare
1073 2119 1185 2195 solitus
1200 2120 1260 2187 sit:
1297 2153 1300 2159 ·

380 2227 413 2293 'A
427 2236 454 2292 δὲ
465 2242 523 2314 χεὶρ
540 2240 585 2292 τὰν
601 2242 674 2313 χεῖρα
688 2239 755 2300 older·
772 2234 812 2297 δός
826 2258 851 2291 τι
867 2242 909 2291 καὶ
923 2237 981 2292 loide
994 2259 1028 2292 τι.
1049 2232 1092 2311 (6)

202 2342 348 2411 Cetemm
360 2341 422 2406 hoc
435 2358 498 2403 non
514 2336 612 2404 semel
625 2335 707 2423 apud
727 2335 851 2402 Graecos
865 2336 1025 2421 vulgatum
1041 2339 1177 2424 reperias
1191 2349 1223 2404 et
1241 2339 1306 2407 illis

155 2455 294 2545 prolecto
317 2452 369 2540 qui
393 2450 525 2517 Prodico
548 2450 580 2515 id
606 2449 682 2549 vitio
711 2459 832 2515 vortere
860 2448 982 2532 volunt,
1013 2450 1141 2530 millies,
1172 2449 1303 2538 opinor3'

101 2584 103 2589 ’
155 2571 258 2638 haecce
272 2565 403 2634 vetustis
423 2562 565 2630 versibus
586 2579 745 2648 expressa,
763 2560 789 2626 si
806 2560 885 2625 sorte
906 2562 1087 2646 occurrerit,
1105 2560 1233 2649 probata
1252 2574 1303 2629 est

154 2680 309 2749 sententia
324 2707 331 2745 :

371 2758 456 2847 Ἀνὴρ
472 2773 521 2846 γάρ
536 2765 612 2845 ἄνδρα
625 2771 665 2822 καὶ
678 2768 746 2828 πόλις
762 2771 834 2831 σώζει
850 2768 930 2822 πόλιν·

372 2881 434 2950 Χείρ
451 2883 525 2950 χεῖρα
541 2878 631 2946 uiaret,
647 2870 765 2933 δάκτυλός
780 2893 807 2926 τε
820 2869 950 2929 δάκτυλον.
973 2865 1017 2947 (7)

168 3004 203 3075 (1)
227 3003 387 3077 Οιιοζῑιηῑιηο
400 3003 444 3060 hic
457 3011 567 3059 mortem
583 3001 703 3071 injustam
718 2999 806 3054 tulerit
825 2998 894 3067 apud
907 3000 1044 3068 Xenoph..
1059 2997 1196 3053 Hellenic.
1213 3014 1246 3063 11,
1264 2999 1293 3063 3,

146 3103 193 3166 56,
215 3101 373 3166 ridendum
398 3099 553 3156 conterenti.
571 3113 624 3169 que
646 3098 731 3153 Cicer.
752 3095 1051 3164 (Tuscul.1‚h0),qul
1070 3107 1122 3148 uon
1142 3101 1294 3162 potestnou

144 3200 333 3256 exclamarem
346 3202 365 3254 ὰ
377 3203 552 3255 Theramene
563 3177 711 3253 delectori.

186 3301 219 3369 (9)
242 3303 359 3368 Proteo.
372 3298 434 3362 212,
452 3299 484 3352 G.
499 3295 610 3350 Phaedr.
625 3293 686 3356 353,
703 3295 731 3349 C.

183 3397 216 3466 (3)
240 3396 361 3452 Meuand.
378 3394 447 3464 apud
461 3393 548 3449 strab.
562 3387 885 3450 (ὅθ-1871110139).
902 3398 1004 3449 uocxx.
1022 3385 1095 3440 inl‘.

182 3496 216 3566 (bl
239 3494 342 3557 Suidus.
357 3495 385 3549 V.
401 3493 514 3561 Πρόδικος
526 3480 742 3554 hrochashem
754 3485 826 3549 ἰπὶ-9,
842 3484 904 3542 365.

181 3594 214 3663 (5)
237 3593 342 3650 Prodic.
357 3591 427 3661 apud
439 3590 554 3647 AEschiu.
569 3589 596 3646 iu
609 3588 726 3646 Aetocn.
742 3586 808 3647 729,
821 3587 850 3640 F.

176 3691 212 3762 (6)
234 3690 301 3747 Ibid.
314 3688 438 3748 315101).
454 3692 583 3745 seruarc
597 3699 623 3755 p.
639 3685 700 3740 127.
714 3683 804 3738 burel.
820 3680 955 3746 Allobrog.
967 3675 1050 3737 1609,
1066 3671 1170 3729 lule·
1184 3675 1289 3733 Erasm.

73 3808 77 3814 ·
139 3792 227 3861 Aduo.
244 3791 309 3848 Chll.
325 3793 347 3847 l.
363 3796 431 3846 cont.
447 3791 467 3844 l.
484 3787 527 3844 33.
544 3785 600 3860 llid.
612 3796 719 3854 quoque
732 3784 762 3837 Β.
777 3781 895 3835 dhonon.
917 3785 972 3831 nol.
997 3773 1030 3829 ad
1049 3770 1289 3841 Apocototrtntos„

139 3887 184 3944 ubi
197 3886 318 3944 laudatur
329 3886 381 3942 hoc
398 3904 409 3934 u
422 3881 592 3954 proverbium
605 3881 638 3935 dc
653 3890 735 3947 opera
749 3883 837 3931 mutuo
851 3869 1006 3943 prestando.
1021 3888 1033 3917 n

176 3984 209 4054 (7)
231 3987 286 4040 llos
304 3998 396 4040 versus
420 3982 488 4037 iuter
511 3977 652 4036 sententias
670 3974 795 4031 collectas
812 3969 863 4026 sub
885 3968 959 4023 tilulo
978 3971 1010 4020 εἰς
1028 3967 1137 4017 sonestur
1155 3962 1285 4029 reperias.

139 4078 244 4145 (Poetoe
256 4076 381 4148 pnomict'
393 4074 493 4145 preci,
509 4071 626 4142 Leipsiae,
643 4067 723 4130 1899,
740 4063 826 4128 iu·l8,
843 4077 870 4132 p.
884 4060 946 4122 170,
964 4060 993 4112 V.
1014 4054 1117 4122 50·5h.)
1141 4056 1169 4108 ln
1182 4056 1289 4123 gnomi-

133 4188 227 4231 corum
238 4175 340 4245 sylloge
353 4172 423 4229 edita
441 4171 513 4240 Παρὰ
530 4180 556 4220 u.
577 4167 704 4230 'oaorem
725 4152 828 4231 a‘p'r’l’.
851 4156 890 4214 sic
909 4154 1035 4214 contiuuo
1048 4159 1216 4223 apponuntur
1229 4152 1286 4208 duo

134 4287 233 4335 versuo.
