2946 4746
173 433 284 508 gnatos
298 423 360 506 (l).
386 423 430 489 Ea
445 422 530 489 enim
543 422 623 490 loret
644 425 786 493 universa
808 427 1024 514 sophistarum
1040 425 1182 508 historia,
1204 425 1317 511 ingens

172 557 265 619 onus,
288 536 413 622 etquod
426 535 564 623 prudens
576 536 802 608 robustioribus
823 541 964 608 humeris
978 539 1164 625 relinquam.
1185 538 1261 607 Mihi
1276 539 1317 606 sit

171 661 247 726 satis
272 662 349 727 tanti
365 662 468 748 operis
482 660 666 748 particulam
682 668 833 740 tractare,
861 667 954 742 atque
980 656 1063 722 inter
1081 673 1192 721 omnes
1217 673 1315 720 unum

172 779 288 864 eligere
304 780 471 847 Prodicum
488 789 595 866 utpote
621 797 715 863 quem
738 793 810 840 vere
830 771 1037 858 philosophiae
1062 768 1240 836 amantibus
1257 788 1314 834 an-

172 892 402 958 numerandum
429 913 498 959 esse
521 890 712 957 existimem.
741 886 867 953 Scilicet
888 883 1074 951 vocabulum
1102 881 1255 970 sophista,
1281 892 1316 973 ut

170 1003 252 1070 valet
276 1004 357 1092 apud
383 1005 544 1072 Platonem
564 1003 880 1089 Xenophontemque,
907 1018 968 1084 qua
989 996 1102 1083 injuria
1129 996 1158 1062 ei
1179 994 1315 1061 inditum

170 1118 264 1186 luerit
275 1121 328 1206 qui
346 1141 364 1186 a
384 1121 499 1208 populo
515 1119 676 1187 dicebatur
689 1115 876 1204 cognomine
894 1117 1048 1198 Septem
1077 1111 1130 1198 qui
1154 1110 1315 1178 Socratem

171 1232 294 1301 morum
313 1232 510 1319 disciplinam
531 1232 656 1314 docuit,
683 1240 716 1297 et
738 1229 771 1295 in
789 1229 929 1314 vulgum,
953 1224 1134 1310 velcapitis
1156 1222 1312 1309 periculo,

172 1357 255 1414 recte
270 1346 395 1413 vivendi
412 1357 566 1434 praecepta
586 1346 731 1430 diffudit3
755 1363 849 1430 quem
869 1341 1001 1408 miratus
1021 1339 1248 1424 aemulatusque
1267 1347 1316 1402 est
1341 1396 1344 1400 Α

168 1463 236 1548 ipse
253 1461 350 1548 Grylli
361 1460 461 1544 filius,
481 1460 520 1528 dc
541 1481 603 1547 quo
623 1462 711 1553 Plato
734 1478 858 1546 quoqne
876 1475 1030 1543 nusquam
1046 1455 1114 1521 sine
1127 1454 1265 1536 honore,
1284 1462 1316 1518 et

167 1595 206 1642 eo
221 1576 272 1641 vir
285 1594 345 1661 qua
358 1576 438 1642 solet
449 1576 548 1643 ironia
564 1576 719 1663 insperso,
730 1566 880 1660 loquitur,
898 1570 1067 1658 diligenter
1077 1567 1217 1635 excussis
1234 1587 1314 1654 pon-

170 1690 287 1758 deratis
299 1710 360 1776 que
377 1690 445 1776 ejus
459 1701 491 1758 et
502 1690 563 1757 vita
577 1701 609 1756 et
621 1689 783 1768 doctrinis,
799 1687 1000 1754 manifestum
1010 1685 1075 1751 lore
1090 1682 1224 1750 conlido.

211 1805 311 1871 Pauca
326 1803 495 1870 admodum
512 1803 551 1870 de
567 1803 698 1870 Prodico
712 1802 838 1890 cognita
851 1800 1005 1866 hahemus
1020 1827 1027 1866 :
1047 1796 1136 1884 cujus
1150 1797 1201 1862 vix
1220 1815 1311 1862 men-

168 1918 285 1984 tionem
307 1917 408 1983 obiter
424 1917 532 2003 injecit
555 1917 588 1982 in
608 1916 680 1983 Vita
707 1917 884 2001 Protagorae
908 1912 1064 1999 Diogenes
1083 1910 1244 1995 Laertius3
1270 1909 1314 1976 ita

170 2039 224 2112 ut⁷
246 2029 285 2095 de
299 2030 353 2096 illo
367 2017 550 2115 inquirenl't
567 2049 665 2116 usque
682 2029 721 2095 ad
739 2027 912 2115 jejuniorcs
932 2026 1129 2093 obscuriores
1153 2045 1213 2110 qne
1238 2023 1314 2088 Phi-

119 2170 122 2174 ·
166 2140 285 2208 lostrati
301 2142 512 2226 sophistarum
533 2145 618 2209 Vites
636 2140 891 2209 descendendum
909 2140 968 2223 sit,
992 2150 1044 2205 aut
1056 2138 1187 2205 inferius
1202 2136 1310 2220 etiam,

166 2255 206 2321 ad
222 2256 326 2323 snidae
340 2257 488 2324 Eudoxiae
506 2278 566 2343 que
586 2257 774 2325 collectanea
796 2266 828 2322 et
841 2255 999 2322 breviores
1019 2255 1053 2320 in
1070 2253 1312 2339 Aristophanem

167 2371 443 2455 grammaticorum
458 2373 593 2439 notulas.
621 2365 744 2439 Prodici
759 2382 866 2445 tamen
890 2370 971 2457 apud
988 2381 1110 2437 veteres
1126 2368 1213 2435 nullo
1232 2379 1313 2439 temf

165 2503 241 2568 pore
256 2484 410 2550 obsolevit
424 2484 575 2552 memoria
591 2538 599 2569 ,
616 2484 733 2571 atejus
753 2504 847 2571 opera
865 2495 918 2551 aut
935 2503 999 2550 suae
1025 2482 1117 2549 atatis
1133 2481 1312 2549 auctoribus

165 2607 220 2661 aut
235 2595 461 2681 posterioribus
481 2616 564 2684 saepe
587 2608 661 2664 sunt
680 2597 815 2665 laudata.
841 2597 948 2682 ltaque
973 2595 1067 2679 licet,
1093 2594 1241 2662 omnibus
1262 2595 1313 2661 his

168 2708 359 2777 testimoniis
384 2709 508 2777 collatis
528 2711 793 2798 compositisque,
815 2711 909 2797 hujus
936 2708 1114 2797 philosophi
1140 2708 1255 2791 uitam.
1284 2709 1310 2774 si

164 2820 242 2886 citra
257 2823 340 2907 quod
357 2824 452 2907 velis,
472 2845 537 2891 non
555 2825 758 2892 saltem'citra
775 2825 858 2911 qnod
880 2824 1005 2908 credas,
1026 2823 1243 2906 conscribere,
1268 2823 1311 2889 ita

132 2950 135 2958 ·
165 2944 200 2999 ut
226 2934 265 3001 de
292 2955 352 3019 eo,
382 2937 483 3022 deque
509 2937 585 3029 ejus
605 2933 755 3005 doctrinis
784 2937 887 3004 uerius
919 2948 950 3004 ct
974 2936 1089 3003 melius
1113 2955 1206 3022 quam
1226 2934 1309 3021 quod

164 3048 324 3133 vulgatum
337 3060 397 3133 est,
413 3049 566 3136 judicium
577 3052 669 3118 feras.
719 3069 721 3072 ⁴

209 3160 359 3228 Prodicus
375 3182 450 3248 ergo
462 3174 569 3230 noster
580 3165 634 3250 qui
647 3163 740 3232 Ceius
754 3176 808 3232 aut
820 3163 901 3232 Ceus
913 3164 975 3251 (2),
993 3183 1056 3231 non
1068 3161 1177 3246 Chius,
1192 3181 1307 3248 neque,

160 3272 243 3358 quod
273 3293 361 3359 aeque
386 3275 499 3342 salsum
533 3288 593 3359 est,
623 3275 706 3344 Cous
730 3277 919 3364 cognomine
951 3274 1154 3363 appellandus
1183 3285 1249 3357 est,
1272 3285 1307 3340 ut

159 3396 334 3458 constater
350 3372 697 3471 gravissimisvetcrum
715 3390 907 3458 testimoniis
921 3389 970 3476 (3)
989 3388 1102 3475 quibus
1120 3388 1222 3454 lucem
1246 3386 1308 3451 mi-

200 3548 233 3616 (1)
246 3547 373 3604 Themist.
394 3551 479 3606 Oret.
496 3554 507 3607 l
514 3555 544 3613 V.
555 3566 581 3620 p.
598 3552 659 3614 105.
676 3553 739 3609 edit.
752 3556 785 3610 D.
799 3556 892 3610 Petau.
908 3552 990 3615 Paris.
1000 3552 1081 3615 1618,
1098 3551 1177 3610 lnb'.
1190 3551 1304 3619 Diogen.

161 3646 245 3700 Laert.
272 3647 561 3710 Prooemium‚12·13.
590 3651 732 3705 amstelod.
759 3652 807 3720 hp.
830 3654 911 3707 Hem.
938 3654 1067 3707 wetsten.
1092 3664 1204 3706 uncuru
1223 3649 1305 3703 huot.

158 3741 287 3799 1111ιὶ-
301 3745 339 3800 Cl.
355 3745 483 3800 Herodot.
502 3747 523 3809 Ι,
538 3746 581 3809 ⁶29,
601 3747 662 3802 edit.
697 3747 765 3802 Gall.
793 3746 874 3813 1821,
891 3747 958 3804 118ο
979 3757 1005 3803 et
1024 3747 1050 3802 iu
1071 3747 1160 3816 primis
1173 3745 1304 3802 Plutarch.

160 3837 340 3895 reemooct.
365 3840 420 3897 νει.
439 3842 629 3912 cruarpsrae.
645 3841 831 3905 tarent-ra.
990 3825 993 3830 “

199 3935 236 4001 (a)
251 3935 331 3988 [ltest
344 3937 413 4004 apud
429 3939 506 3995 Basil.
523 3942 645 4009 Magnum
660 3942 699 3996 od
716 3934 892 3997 adolescent.
914 3939 976 3996 edit.
1000 3939 1135 3996 Benedict.
1156 3943 1189 3997 Τ.
1214 3956 1251 4004 11,
1277 3955 1302 4009 p.

113 4113 116 4121 Ι
159 4029 226 4095 177,
244 4030 321 4093 in-l0.
339 4032 418 4090 1711.
431 4064 465 4076 —-
480 4036 536 4105 Vld·
552 4037 622 4093 baetit
633 4038 778 4103 Lecicon3
796 4042 898 4108 llenag.
918 4047 973 4094 not.
992 4038 1026 4093 ad
1046 4039 1121 4107 Diog.
1136 4040 1222 4094 Laert.
1237 4043 1308 4092 Pro-

160 4135 253 4194 tagor.
273 4126 327 4181 uic.
347 4158 376 4167 -
388 4130 491 4186 Fabric.
505 4146 544 4195 11,
558 4133 621 4190 718.

198 4222 231 4290 (3)
248 4224 304 4280 Vid.
318 4225 342 4280 in
357 4225 446 4293 primis
461 4229 532 4284 Plato
549 4231 678 4287 sescentis
693 4232 771 4292 loeis.
787 4247 846 4302 quaa
865 4232 960 4302 passim
990 4243 1079 4301 postea
1103 4234 1256 4294 laudantur.
1281 4241 1307 4286 et

159 4321 406 4380 Pseudo-Plutarch.
426 4326 480 4383 Vir.
494 4331 615 4385 lacerat.
866 4336 869 4340 ’
