2946 4746
650 315 810 371 ..rr-

159 450 286 505 tuam...
306 427 475 507 Considera
491 440 655 507 vecordem
667 440 816 527 juvenem
832 442 883 529 qni
901 443 1012 507 transit
1025 462 1081 528 per
1094 443 1253 528 plateas...
1273 452 1305 511 el.

158 570 231 617 occe
247 557 379 618 occurrit
404 557 453 619 illi
477 557 591 620 mulier
611 566 727 620 ornato
743 558 931 630 meretricio,
954 567 1141 639 propatuto
1164 559 1207 621 ud
1226 558 1304 620 decl.

155 668 288 747 pierides
301 670 441 765 unimus,
453 671 587 751 porculo
602 679 630 733 ot
643 689 744 752 copo,
764 695 778 729 n
795 668 845 755 (l)
859 679 892 735 et
904 680 1007 735 cetera
1021 667 1136 754 quibus
1147 679 1212 735 tam
1222 667 1304 744 beno

159 778 302 864 congruit
311 780 487 868 Voluptatis
500 782 618 868 effigies
631 781 713 868 apud
724 782 903 865 Prodicum,
918 793 952 848 nt
963 782 1036 848 inde
1051 782 1112 848 lrnc
1126 781 1303 873 transiisse,

159 894 266 960 silleri
282 895 456 981 potuisset,
481 895 649 963 videretur.
667 895 821 964 Praeterea
835 950 843 980 ,
859 897 891 963 in
908 897 970 962 stne
985 896 1127 983 ejusdem
1143 897 1213 962 libri
1232 896 1280 978 (2)
1294 950 1305 978 ,

159 1008 318 1094 Sapientia
344 1009 408 1074 fere
434 1008 546 1076 iisdem
569 1029 605 1076 ac
621 1009 762 1076 Prodicia
786 1011 910 1093 Virtus,
940 1011 1043 1077 uerbis
1066 1011 1202 1098 seipsam
1217 1030 1305 1078 com-⁸

159 1121 307 1205 mendat,
326 1120 364 1188 ad
377 1142 411 1188 se
424 1141 537 1189 omues
551 1122 646 1190 simili
659 1124 784 1190 hortatu
801 1123 930 1208 invitat,
946 1124 1169 1210 inimicamque
1188 1124 1307 1210 Volnps

158 1249 256 1309 tatem
270 1236 329 1304 suh
352 1238 525 1305 meretricis
549 1238 687 1325 imagine
713 1238 866 1326 depingit.
884 1240 1043 1322 Rursum,
1070 1240 1152 1325 quod
1174 1223 1309 1306 adduas
1423 1238 1432 1253 ‘

154 1352 225 1418 vias
240 1351 371 1436 attinet,
388 1352 421 1417 iu
433 1353 486 1420 illa
500 1352 619 1420 Christi·
637 1353 778 1420 oratione
791 1373 884 1439 qnam
901 1354 941 1419 in‘
951 1363 1058 1419 monte
1070 1353 1198 1433 habuit,
1213 1372 1311 1439 repe·.

159 1467 258 1533 rimus
271 1465 332 1552 (3).
353 1465 441 1533 ldem
458 1467 539 1554 apud
554 1466 679 1534 Graecos
693 1467 868 1534 fabularum
887 1467 1026 1534 studium
1039 1477 1071 1533 et
1088 1488 1185 1552 usus3
1208 1466 1303 1552 siqui·

159 1581 231 1647 dem
250 1580 374 1667 quoties
389 1580 466 1646 citra
480 1580 568 1666 quod
584 1581 704 1647 ratione
725 1600 811 1647 mera
828 1581 1014 1668 perspicitur
1033 1581 1157 1646 infirma
1169 1590 1201 1669 ος
1215 1579 1301 1665 quasi

160 1693 271 1782 puerili
294 1694 396 1761 adhuc
421 1705 528 1762 mente
554 1694 909 1778 retinentnrlromineS,
931 1695 1013 1761 veris
1040 1696 1113 1761 lacta
1133 1704 1303 1781 praetexere

158 1821 400 1877 consueverunt.
412 1809 457 1875 Ea
465 1809 515 1876 vel
530 1809 772 1896 sapientissimis
783 1808 1003 1876 virisdoeendi
1017 1819 1164 1896 usurpata
1172 1808 1222 1874 uia
1238 1820 1298 1875 est.

159 1921 228 2004 Quo
243 1923 332 1989 euim
344 1921 404 1988 alio
417 1921 512 1989 modo
524 1922 590 1988 lieri
604 1933 730 2008 posset,
747 1933 783 1989 ut
798 1921 918 2008 optime
932 1921 1152 1988 animadvertit
1169 1921 1304 2006 Strabo,

159 2047 193 2102 ut
217 2036 385 2103 mulierum
400 2045 453 2103 ant
469 2036 638 2125 promiscui
655 2036 780 2122 generis
803 2035 893 2102 turba
922 2036 1136 2123 philosophica
1162 2035 1303 2103 oratioue

160 2149 347 2234 excitaretur
361 2150 588 2236 docereturque
600 2150 639 2216 ad
651 2149 859 2236 religionem,
877 2148 1024 2235 pietatem
1045 2169 1080 2215 ac
1094 2149 1212 2215 fidem?
1232 2148 1304 2215 lstis

160 2263 255 2350 igitur
266 2274 298 2331 et
310 2262 425 2331 talibus
447 2263 640 2353 auditoribus
656 2283 719 2329 uon
735 2283 825 2330 secus
841 2283 876 2329 ao
892 2263 997 2348 pueris
1020 2264 1059 2330 ad
1077 2264 1138 2330 hoc
1150 2262 1304 2350 supersti-

160 2375 245 2442 tione
259 2376 393 2463 quadam
415 2377 640 2458 (temtapaatarl
658 2395 737 2461 opus
749 2386 816 2460 est,
842 2397 910 2462 quaa
925 2377 1022 2443 incuti
1040 2376 1108 2443 siue
1128 2376 1303 2443 fabularum

160 2489 313 2576 portentis
337 2489 457 2576 nequit.
487 2487 705 2575 Cognoscendi
731 2488 859 2575 quidem
883 2489 1015 2576 cupidus
1039 2490 1136 2556 homo
1157 2499 1222 2558 est,
1247 2488 1303 2554 sed

160 2604 343 2690 plerumque
367 2623 429 2670 nou
450 2604 477 2670 is
498 2603 615 2688 estqui
634 2613 719 2669 recto
745 2602 857 2670 itincre
877 2624 997 2670 meram
1016 2603 1181 2670 scientiam
1197 2614 1301 2689 petat,

160 2717 308 2803 adquam
328 2727 470 2804 oportet,
491 2728 527 2783 ut
547 2717 684 2803 loquitur
702 2716 808 2800 idem,
824 2716 1000 2783 tabularum
1017 2717 1157 2784 studium
1183 2715 1303 2783 aditum

160 2831 189 2896 ci
204 2841 311 2918 paret,
327 2830 460 2917 etqnasi
475 2837 767 2913 vermescentium
783 2830 904 2897 offerat.
923 2829 972 2896 Ab
991 2830 1081 2897 initio
1096 2829 1193 2916 igitur
1209 2829 1304 2896 disci7

161 2944 252 3030 plinae
266 2944 343 3010 utile
355 2946 478 3010 esthon
492 2944 589 3010 modo
609 2944 781 3010 humanam
805 2955 945 3010 mentem
970 2944 1119 3026 inescari,
1136 2962 1304 3031 progressu

159 3059 259 3125 aetatis
273 3058 311 3124 ad
325 3059 464 3146 ipsarum
481 3078 586 3124 rernm
608 3057 821 3144 cognitionem
846 3059 1081 3135 adducendam,
1095 3056 1149 3124 ubi
1164 3057 1241 3124 satis
1252 3057 1305 3122 lira

160 3182 251 3238 matae
279 3171 494 3259 intelligentiae
516 3191 580 3237 non
604 3170 671 3265 jam
695 3171 765 3238 istis
790 3172 1005 3239 narrationum
1034 3170 1194 3237 blanditiis
1226 3189 1305 3257 opus

160 3297 209 3360 est
224 3285 286 3373 (d).
303 3287 421 3357 Eadem
433 3287 498 3353 lere
509 3286 549 3352 de
561 3285 674 3353 iisdem
685 3286 791 3374 posuit
803 3286 1045 3374 Olympiodorns
1062 3314 1068 3352 :
1089 3311 1104 3346 n
1119 3285 1185 3351 llac
1199 3284 1303 3369 enim,

161 3398 221 3482 ait,
239 3397 413 3467 fabularum
431 3398 480 3464 ria
495 3418 534 3464 ex
554 3398 722 3479 manifesto
736 3397 773 3470 ad
791 3397 950 3471 occultum
971 3396 1017 3462 ire
1038 3395 1137 3480 licet,
1158 3393 1208 3482 (5)
1234 3420 1261 3465 n¹
1273 3403 1305 3469 et

160 3513 359 3599 paulopost:
381 3512 460 3579 n'lld
472 3512 614 3579 animum
635 3522 778 3579 nostrum
793 3510 968 3578 referentur
989 3509 1106 3607 mptlri3
1119 3527 1255 3594 namque
1271 3508 1305 3578 iu

160 3625 291 3716 pucritia
307 3625 501 3713 imaginandi
519 3625 583 3692 vim
604 3646 672 3711 quae
687 3624 795 3721 lormis
810 3624 981 3712 figurisque
1000 3622 1155 3705 adhaeret,
1169 3620 1305 3687 maxime

200 3815 234 3883 (l)
259 3817 322 3884 Cap.
338 3831 378 3871 vn
391 3816 425 3871 de
439 3815 613 3872 Meretriclis
625 3813 837 3875 illectamentis,
850 3843 883 3855 -
892 3813 948 3868 vid.
967 3825 1074 3882 qnoque
1086 3810 1122 3865 de
1134 3809 1243 3879 duplici
1258 3809 1312 3872 uia,

160 3927 218 3981 rap.
237 3928 260 3968 n
273 3921 299 3967 et
314 3928 349 3968 rr.

203 4013 237 4079 (2)
260 4012 323 4078 Cap.
339 4024 391 4066 vnr
404 4021 429 4066 et
443 4026 478 4067 rx.

201 4106 234 4175 (3)
258 4108 348 4163 llattlr.
365 4087 420 4170 vn.
440 4108 483 4170 ta.
499 4108 543 4166 lli.
556 4139 589 4150 -·
601 4109 640 4165 cl.
657 4111 719 4165 Luc.
735 4123 802 4171 mn.
816 4109 859 4164 lli.

200 4207 234 4276 lli)
256 4208 343 4263 strab.
360 4223 386 4271 r,
401 4221 428 4276 p.
446 4207 495 4272 18,
513 4211 547 4272 Ι),
563 4208 597 4264 19
609 4219 636 4265 et
649 4209 756 4284 passim.
778 4209 862 4264 Paris.
878 4221 1005 4263 mnam.
1020 4205 1088 4261 in·l⁰.

200 4304 237 4372 llll
256 4305 407 4374 Olympiod.
424 4305 616 4375 odecrptam
632 4310 788 4367 Commeat.
812 4306 882 4376 apud
900 4307 929 4361 V.
946 4303 1057 4368 cousin.
1079 4308 1197 4372 l'ruprn.
1217 4301 1316 4372 pluita,
