2946 4746
696 300 858 359 -74-

205 427 388 496 interlectus
408 434 473 509 est,
501 424 582 494 siout
604 428 708 514 ipsum
732 428 899 495 Prodicum
918 406 1024 515 populi
1048 428 1204 512 fautores,
1230 447 1355 515 semper

207 521 406 629 philosophis¹
417 540 643 624 infensissimi,
661 541 700 606 ad
714 540 858 608 eamdem
874 560 984 608 necem
996 541 1152 608 demisere
1171 542 1230 628 (l).

252 651 307 717 Vir
318 652 371 717 ille
385 649 437 736 qui
453 649 585 737 publicis
597 652 628 717 iu
645 651 740 719 rebus
753 652 945 736 versabatur,
960 652 1116 719 scribendi
1140 653 1199 718 arti
1221 653 1354 719 multam

208 764 406 853 impenderat
426 770 545 847 curam,
571 776 664 850 atque
686 765 924 833 exercitationes
950 767 1120 833 rhetoricas
1142 767 1246 833 tribus
1262 786 1353 834 oom-

209 880 418 968 prehenderat
432 880 522 947 libris
545 908 552 947 :
568 883 615 946 Dc
632 882 844 947 similitudine
858 885 1022 957 orationis,
1038 884 1074 947 de
1085 883 1280 965 [mopinibos
1299 900 1356 947 seu

209 997 375 1079 Allcqoriis
386 1005 418 1061 et
433 997 601 1079 deFiporis
617 990 673 1078 (ᾖ).
1205 984 1208 989 ’

254 1106 280 1172 Α
296 1105 440 1189 Socrate,
455 1106 489 1171 in
502 1105 721 1191 Xenophontis
731 1107 876 1172 Coooimo
888 1105 949 1190 (3),
967 1106 1112 1173 audimus
1124 1116 1156 1173 et
1168 1105 1200 1171 iu
1216 1104 1357 1191 discipu-

210 1221 314 1288 lorum
328 1221 451 1288 Prodici
466 1240 598 1288 numero
608 1220 738 1288 divitem
749 1220 880 1289 Calliam
892 1221 1001 1305 luisse,
1017 1219 1106 1307 cujus
1118 1221 1152 1287 in
1164 1219 1357 1307 domo'saepe

210 1335 359 1402 disseruit
368 1335 573 1423 philosophus
583 1364 592 1415 ς
604 1334 747 1421 quocirca
758 1335 852 1402 etiam
866 1335 1035 1434 AEsohines
1049 1334 1226 1404 Socraticus
1240 1333 1274 1400 in
1291 1333 1356 1400 dia-

212 1449 284 1535 logo
307 1448 360 1534 qui
377 1449 492 1514 Callias
515 1447 754 1531 inscribebatur,
779 1447 833 1514 ubi
854 1448 1056 1534 Anaxagorae,
1078 1447 1211 1515 Prodico
1234 1466 1359 1533 quoque

143 1597 144 1600 =
213 1561 322 1629 ludum
336 1562 687 1630 lecerat.lnterceteros
697 1563 778 1630 sales
788 1562 901 1649 quibus
911 1573 943 1629 et
951 1560 1139 1647 discipulum
1149 1558 1358 1644 etmagistros

214 1685 401 1762 asperserat,
427 1675 488 1742 hoc
511 1675 549 1742 ab
570 1676 721 1743 Athenaeo
743 1686 900 1743 servatum
921 1685 994 1742 est:
1015 1700 1030 1734 a
1046 1672 1219 1740 hProdico
1234 1671 1273 1738 ad
1286 1691 1360 1758 per-

213 1789 327 1855 fectam
338 1787 535 1874 disciplinam
551 1789 732 1872 adductum,
744 1799 808 1873 aut,
819 1799 855 1856 ut
866 1788 959 1863 vertit
970 1786 1186 1870 Casaubouus,
1199 1785 1359 1852 initiatum

214 1901 311 1968 luisse
334 1902 564 1970 Theramenem
576 1904 657 1983 (4).»
674 1903 743 1984 Quo
771 1902 899 1990 quidem
915 1902 989 1988 quid
1012 1901 1097 1968 attici
1121 1901 1214 1967 lateat
1229 1899 1359 1986 leporis,

214 2014 298 2082 haud
309 2015 396 2100 satis,
414 2026 450 2082 ut
458 2035 543 2083 nune
553 2026 614 2099 est,
627 2016 719 2084 uobis
731 2015 916 2102 intelligitur
930 2043 937 2082 :
953 2014 1008 2081 sed
1029 2014 1159 2081 sortasse
1183 2011 1292 2079 subest
1302 2011 1362 2077 ali-

215 2127 286 2213 quis
303 2128 385 2195 circa
400 2128 495 2196 verba
508 2129 623 2196 similia
629 2128 730 2216 iocus,
747 2129 786 2195 do
803 2149 840 2195 ea
850 2128 1073 2215 discipulorum
1088 2126 1252 2193 venatione
1265 2145 1361 2212 quam

216 2240 318 2327 attigit
327 2241 534 2309 Philostratus
551 2242 718 2331 (Θηραμένης,
732 2249 888 2332 θηρώμενος),

260 2353 435 2421 Damonem
450 2354 618 2438 musicum,
637 2353 773 2422 Socratis
796 2355 931 2422 amicum
947 2365 979 2422 et
992 2354 1177 2440 magistrum
1203 2350 1251 2432 (5)
1280 2349 1363 2416 inter

217 2464 359 2542 assiduos
374 2467 498 2534 Prodici
514 2469 683 2553 auditores,
700 2480 779 2565 teste
797 2470 927 2538 Platone
945 2465 1006 2552 (6),
1019 2486 1183 2535 numerare
1193 2465 1359 2541 debemus,

217 2578 306 2666 cujus
317 2581 477 2668 sapientiae
492 2582 753 2667 studiosissimus,
764 2583 804 2650 ab
815 2604 853 2651 eo
862 2582 981 2669 accepit
991 2583 1072 2649 hanc
1084 2579 1361 2665 nominumscien-

219 2689 295 2758 tiam
306 2712 401 2778 quam
413 2713 477 2780 prae
491 2694 604 2761 ceteris
618 2694 750 2761 callebat
760 2694 865 2763 Ceius.

264 2805 405 2894 Denique
417 2806 483 2894 Jam
499 2827 592 2895 supra
605 2807 681 2875 satis
703 2808 947 2899 memoravimus
961 2819 1078 2894 quauta
1092 2806 1313 2890 admiratione,
1330 2806 1363 2873 in

220 2919 353 3003 Boeotia,
364 2941 438 2993 eum
447 2932 630 3015 prosecutus
640 2920 682 2989 sit
694 2921 882 3009 Xenophon,
896 2931 997 3008 etqua
1008 2940 1112 3008 prece,
1125 2920 1158 2987 in
1170 2922 1362 3002 Protoporo,

262 3187 297 3257 (1)
316 3186 496 3242 Theramenes
509 3186 666 3255 cognomine
679 3186 823 3242 cothurnus
847 3184 999 3248 dicebatur.
1020 3184 1092 3256 quod
1114 3185 1140 3240 in
1162 3185 1298 3254 republica
1317 3199 1360 3242 cs·

222 3284 370 3354 pessenda.
386 3283 493 3347 mobili.
511 3293 539 3339 ut
553 3284 640 3349 aiunt,
665 3293 735 3340 esset
751 3284 853 3350 animo,
878 3293 970 3354 atque,
995 3284 1068 3340 istius
1087 3283 1256 3340 calceamenti
1268 3282 1364 3348 instar.

221 3381 294 3454 quod
312 3383 416 3453 utrique
437 3381 498 3453 pedi
516 3381 654 3448 convenit,
666 3382 699 3437 ad
722 3390 845 3451 unusque
858 3389 945 3452 partes
965 3382 1085 3452 spectare
1098 3380 1240 3436 videretur.
1257 3409 1292 3420 -
1307 3380 1363 3436 vid.

221 3479 343 3549 Xenopb.
358 3479 427 3535 t'dt'd.
440 3508 449 3544 φ
462 3510 492 3519 -
505 3477 580 3536 sutd.
599 3480 627 3534 V.
640 3479 763 3545 Πρόδικος,
775 3483 921 3546 Θηραμένης,
932 3473 1014 3540 deltos,
1039 3481 1165 3546 κὸθορνοςς
1194 3508 1226 3516 -
1249 3475 1365 3542 Photide.

221 3579 319 3653 hesic.
336 3577 386 3634 sub
405 3575 715 3645 vocthhpamsottvepoe
732 3581 854 3644 astopiae.
868 3578 1023 3643 —Ttetzes,
1040 3577 1162 3634 cottion.
1180 3593 1230 3641 su,
1251 3576 1315 3643 [1063
1334 3608 1367 3620 -

222 3676 357 3746 hristoph.
372 3681 444 3733 Rau.
460 3690 484 3731 v.
501 3673 553 3733 5b0
560 3674 624 3738 967,
639 3674 785 3744 sup—vid.
798 3685 824 3731 et
834 3676 864 3730 V.
874 3675 911 3730 cl.
928 3675 1024 3731 Artaud
1038 3683 1092 3731 not.
1109 3675 1135 3729 in
1148 3675 1264 3732 version.
1278 3675 1364 3746 gallic.

223 3791 250 3863 p.
266 3757 487 3840 t31.tt5.'euti.
507 3771 688 3842 Charpehtier.
702 3802 736 3813 -
747 3772 786 3829 cl.
802 3776 932 3844 Anonym.
951 3775 1005 3830 vit.
1020 3777 1143 3831 lsocrot.
1157 3787 1184 3843 p.
1195 3773 1269 3831 7·1o.

262 3874 297 3943 (2)
319 3871 423 3935 suidas.
438 3869 502 3928 ibid.

263 3971 297 4039 (3)
318 3968 361 4025 IV.
376 3971 420 4026 6‘2.
438 3996 469 4008 -
485 3970 524 4026 cl.
541 3970 579 4025 id.
597 3969 623 4033 1,
639 3971 664 4024 5.

265 4069 298 4138 [bl
321 4069 417 4127 Athen.
434 4072 463 4136 V,
478 4070 751 4136 tabennensii.
768 4073 880 4130 casaub.
895 4073 1008 4130 version.

263 4166 298 4235 (5)
315 4165 391 4236 Diog.
409 4171 494 4225 laert.
508 4170 542 4232 ll.
557 4169 600 4225 19.
617 4199 650 4213 ·-
664 4171 736 4228 Suid.
746 4187 769 4227 r.
786 4175 912 4237 toxotius.

263 4263 297 4333 (6)
319 4269 431 4323 Laome.
449 4267 511 4330 253,
528 4270 558 4325 F.
