2946 4746
652 295 807 365 ’,85-

159 443 247 508 Inter
259 447 447 518 προσωποποὶας
459 440 613 526 exempla,
630 439 805 525 Voluptatis
818 450 850 504 et
864 437 995 504 Virtutis
1010 439 1126 505 formas
1143 459 1160 504 a
1175 439 1307 505 Prodico

159 555 282 622 ellictas
299 566 386 621 notat
401 553 613 635 Quintilianus
632 555 692 639 (l).

207 670 271 737 Sed
288 670 370 736 inter
388 668 510 735 Prodici
528 668 700 733 imitatores
714 666 803 732 lacile
820 666 956 752 primum
972 666 1076 732 locum
1099 676 1186 732 tenet
1211 665 1307 733 Silius

160 784 308 865 Italicus,
325 783 378 868 qni
393 781 453 848 sibi
466 800 538 847 rere
551 780 707 873 propriam
721 779 829 845 fecerit
843 778 1019 859 fictionem,
1032 778 1120 844 novis
1134 777 1308 843 lineamen-

160 897 222 979 tis,
243 896 395 981 novisque
415 894 517 961 allatis
531 875 698 960 coloribus:
717 891 860 974 Scilicet,
877 903 912 957 ut
929 903 1017 957 notat
1032 880 1176 972 Lennius,
1188 891 1306 976 Volup-

162 1021 212 1076 tas
231 1008 299 1095 ejus
316 1019 380 1091 est,
402 1008 503 1095 qualis
517 1007 679 1074 orientalis
690 1007 854 1088 meretrix,
873 1005 1009 1091 pretioso
1031 1006 1117 1071 cultu
1136 1004 1310 1090 adornata,

161 1123 217 1188 illa
235 1121 324 1189 vero'
337 1121 460 1188 Prodici
487 1121 620 1188 similior
644 1131 693 1186 est
714 1120 823 1187 ionicae
845 1127 939 1202 traps.
955 1112 1049 1200 Ἀρετὴ
1076 1139 1199 1205 quoque
1223 1118 1304 1205 apud

162 1236 307 1302 Graecum
322 1236 453 1302 uirtutes
467 1236 499 1300 in
514 1234 653 1320 qualibet
665 1234 735 1299 vitae
750 1234 929 1300 conditione
950 1233 1167 1318 complectitur
1188 1243 1220 1298 et
1245 1233 1307 1299 mi·

162 1350 277 1416 tiorem
298 1349 584 1435 elegantioremque
611 1347 706 1414 animi
724 1348 891 1434 formaeque
917 1347 1056 1414 indolem
1074 1366 1137 1433 prae
1164 1366 1197 1413 se
1222 1347 1304 1412 fert:

162 1463 271 1537 Virtus
286 1474 393 1529 autern
407 1463 474 1530 Silii
488 1475 537 1529 est
549 1461 655 1548 virago
666 1470 681 1544 ,⁴
693 1481 802 1548 aspera
817 1465 966 1536 heroine,
996 1471 1028 1527 et
1056 1460 1160 1545 imago
1190 1458 1308 1525 bellicae

163 1577 307 1660 virtutis,
321 1576 428 1663 juveni
446 1575 615 1642 fortissimo
639 1587 865 1652 consentanea,
893 1594 956 1640 non
981 1573 1079 1639 virtus
1107 1571 1308 1658 elegantioris

163 1689 307 1772 Graeciae,
323 1688 379 1756 sed
391 1688 505 1755 veteris
527 1688 654 1769 Romae,
670 1686 758 1774 cujus
772 1693 860 1773 froas
880 1697 929 1753 est
951 1691 1056 1769 biatu,
1082 1685 1249 1771 incomptis
1277 1696 1310 1751 et

162 1802 384 1870 fruticantibus
411 1802 547 1887 capillis,
579 1804 810 1876 stertentibus,
839 1800 948 1867 oculus
975 1799 1087 1866 eodem
1114 1799 1225 1865 obtutu
1249 1797 1309 1864 sibi

163 1927 314 1983 constans
329 1924 408 2002 (quo
422 1916 518 1982 animi
539 1914 748 2000 tranquillitas
763 1913 978 2000 significatur,
1007 1924 1042 1978 ut
1066 1923 1175 1979 contra
1191 1912 1309 1979 mentis

163 2040 270 2096 motus
285 2040 440 2114 aestusque
456 2028 628 2094 luminibus
645 2026 769 2094 lasciuiis
784 2027 1014 2112 mobilibusque
1036 2025 1247 2112 voluptatis),
1276 2035 1309 2091 et

165 2145 254 2207 laetos
266 2144 390 2223 pudor,
408 2151 494 2226 grata
516 2139 703 2206 verecundia
719 2135 775 2218 (ᾖ).
1330 2220 1333 2225 ‚

209 2252 328 2318 Latinae
339 2253 486 2319 Ecclesiae
498 2251 644 2318 Patribus
657 2251 787 2338 perinde
801 2272 837 2317 ac
852 2252 967 2318 Graecis
983 2251 1099 2339 placuit
1114 2250 1165 2317 illa
1182 2251 1309 2339 antiqua
1370 2260 1374 2269 '

164 2386 352 2452 semperque
367 2386 478 2432 recens
496 2365 593 2431 animi
605 2365 764 2451 allegoria.
780 2365 906 2431 Etenim
923 2365 1040 2450 optime
1057 2364 1159 2450 Sacris
1174 2364 1312 2451 Scriptu-

165 2482 210 2547 ris
225 2482 375 2568 quadrat,
391 2481 445 2547 nbi
461 2480 528 2568 jam
542 2481 580 2546 ab
594 2481 793 2555 incunabulis
808 2480 917 2546 mundi
933 2480 1095 2547 bominem
1112 2500 1129 2545 a
1153 2479 1228 2546 vitio
1247 2480 1311 2549 sol·
1397 2564 1399 2568 Ι

164 2595 319 2662 licitatum
334 2594 478 2662 videmus
491 2626 499 2680 3
514 2595 609 2679 dein,
625 2596 659 2661 in
670 2595 847 2663 Salomonis
863 2586 1102 2661 Proverbiorum
1117 2593 1209 2674 libro,
1226 2594 1310 2679 quod

164 2727 260 2793 supra
289 2718 432 2774 notatum
454 2720 518 2792 est,
540 2709 707 2796 Sapientia
733 2708 939 2794 Luxuriatque
959 2708 1098 2774 diversas
1119 2706 1311 2773 adhortatio-

164 2842 245 2901 nes,
261 2823 417 2889 audimus
432 2823 573 2909 Denique
592 2821 651 2892 nec
665 2813 771 2890 minus
789 2819 927 2908 congrua
941 2833 989 2888 cst
1005 2822 1175 2907 Evangelio
1193 2822 1227 2887 in
1247 2842 1310 2909 quo

164 2934 216 3003 vel
232 2936 413 3020 Christum,
429 2938 667 3005 omnisvirtutis
686 2937 865 3021 auctorem,
884 2937 1028 3005 laudibus
1057 2949 1089 3003 et
1106 2938 1270 3025 promissis
1293 2958 1309 3004 a

164 3048 297 3115 Diabolo
312 3059 466 3115 tentatum
482 3048 633 3115 miramur
647 3048 707 3134 (3)·
726 3049 890 3134 pristinam
904 3069 1028 3135 quoquc
1040 3050 1079 3115 de
1092 3050 1214 3135 Angelo
1228 3049 1309 3117 Cus-

165 3159 240 3227 tode
256 3180 327 3226 eum
344 3160 458 3227 Satana
474 3161 505 3225 in
521 3160 628 3226 animo
643 3160 853 3250 contendente
867 3161 1042 3228 doctrinam
1054 3161 1159 3228 relert.
1177 3148 1308 3229 Plurimi

167 3273 264 3360 igitur
284 3273 317 3338 in
333 3274 447 3360 scripta
469 3293 524 3339 sua
544 3273 698 3360 admisere
716 3273 865 3357 fabulam,
893 3274 1011 3341 omisso
1034 3285 1141 3340 tamen
1166 3273 1309 3356 Prodici,

166 3386 424 3473 Xenophontisve
459 3385 598 3452 nomine.
635 3385 815 3452 Lactantius
844 3386 939 3452 etiam
963 3387 1044 3452 hanc
1073 3407 1145 3452 curn
1173 3387 1310 3473 imagine

167 3496 362 3588 Pythagorea
375 3500 485 3567 litterae
499 3499 541 3578 Y,
557 3509 589 3566 et
602 3498 736 3584 quadam
748 3498 880 3566 duarum
901 3500 932 3563 in
957 3500 1079 3586 Virgilii
1108 3501 1216 3567 inferis
1240 3501 1307 3567 via-

213 3693 248 3762 (l)
267 3694 319 3754 tlt,
333 3694 365 3752 2,
381 3691 424 3746 at.
444 3717 476 3728 -
488 3687 555 3743 lbid.
568 3682 594 3742 et
610 3695 682 3742 notat
695 3680 805 3742 Mortem
815 3702 846 3742 ac
864 3687 947 3742 Vitam
960 3689 1150 3742 contendentes
1172 3687 1198 3741 in
1221 3697 1312 3750 satura

168 3804 226 3845 esse
240 3789 345 3843 traditas
355 3788 389 3842 ab
401 3787 484 3842 Ennio
497 3794 523 3839 et
533 3783 637 3839 Prodici
651 3783 685 3839 de
698 3785 764 3839 Vita
781 3793 809 3839 et
819 3789 923 3847 Morte.
941 3793 968 3839 ut
978 3785 1114 3852 suspicor,
1141 3785 1236 3840 librum
1251 3786 1307 3840 imt-

167 3896 247 3943 tante.
262 3889 320 3941 Hoc
332 3886 407 3940 simili
420 3877 531 3940 lortasse¹
543 3883 626 3937 torma
640 3880 778 3950 repetitum
802 3897 876 3944 esse,
892 3891 981 3937 nostra
993 3883 1099 3952 quidem
1114 3885 1239 3939 memoria
1252 3925 1258 3946 .
1272 3886 1305 3939 ab

168 3985 218 4041 All.
232 3987 347 4038 Musseto
361 3981 453 4036 mirum
466 3991 513 4034 est.
528 4012 558 4020 -
573 3978 628 4032 Vid.
642 3983 678 4034 be
697 3979 887 4047 Voyaqeobt'l
898 3996 967 4034 vous
979 3980 1088 4048 otono,
1109 3995 1135 4049 p.
1153 3980 1197 4044 31,
1220 3983 1307 4045 Paris.

170 4082 248 4139 1852.

209 4183 244 4250 (2)
264 4178 309 4233 Sil.
321 4176 403 4231 Italic:
423 4173 520 4227 Panic.
535 4187 576 4226 xv.
594 4172 683 4236 aoso.
696 4189 758 4231 curn
773 4173 856 4228 Lenzli
869 4173 947 4229 uotis·

208 4279 241 4347 (3)
265 4282 370 4344 Eueno.
384 4288 437 4328 sec.
458 4271 544 4326 ttattb.
559 4287 595 4326 rt.
613 4271 685 4328 1-tt.
