2946 4746
629 324 669 337 .-
690 296 728 352 25
750 320 785 335 .-

133 408 297 466 euumest.
323 398 385 466 Sed
404 410 439 466 ut
455 400 615 465 nemiuem
631 398 821 481 excluderet,
838 407 870 463 et
891 389 1019 482 pauperi
1035 394 1117 461 haud
1133 414 1223 461 secus
1239 417 1275 462 ac

132 512 221 577 diviti
235 510 387 598 discipulo
409 511 548 578 scientiae
563 511 665 578 fontes
689 510 834 598 aperiret,
854 509 966 595 cuique
989 508 1082 574 licere
1109 507 1216 590 voluit,
1246 509 1272 575 si

132 624 443 720 quaminstitutionis
455 636 575 711 partem
587 624 791 708 anteferebat,
807 623 972 689 interesse.
990 620 1272 707 ltaiudequisque,
1362 705 1374 720 ·

132 748 167 804 ut
180 738 290 822 voluit,
306 750 342 805 ut
362 738 474 826 potuit,
489 738 550 805 boc
561 738 677 805 illudve
691 736 866 804 hauriebat.
883 737 924 802 Et
943 735 1107 815 Socrates,
1122 755 1223 820 ,quum
1240 734 1274 801 in

135 855 259 936 Crotplo
282 851 358 919 dicit
381 852 431 939 (l)
457 877 471 912 u
497 852 588 935 nihil,
609 859 666 938 (ut
689 861 821 919 testatur
848 850 915 937 ipse
942 849 1115 937 Prodicus)
1141 847 1168 915 si
1187 848 1274 915 illam

136 965 160 1030 L
188 965 407 1032 drachmarum
433 963 735 1032 demonstrationem
765 967 838 1048 iant
866 963 1028 1046 audiisset,
1055 963 1123 1049 (ἤδη
1140 962 1272 1048 anantes)

136 1076 360 1163 impedimento
370 1077 436 1143 lore
444 1076 613 1169 quominus
622 1075 826 1161 satisaptede
835 1075 1001 1142 nominum
1011 1071 1199 1141 rectitudine
1207 1074 1273 1141 dis-

134 1200 251 1256 sereret
267 1215 282 1250 ³>
304 1242 312 1272 ,
333 1190 392 1256 boc
407 1199 529 1256 tantum
541 1202 662 1275 monet,
678 1189 710 1256 id
726 1209 765 1256 ex
775 1188 932 1271 universa,
947 1209 1041 1274 quam
1056 1185 1197 1255 nondum
1213 1191 1274 1270 (sos

134 1311 236 1392 tto-ox)
254 1306 407 1388 audierat,
435 1305 641 1392 praeceptione
670 1305 807 1392 pendere
830 1304 889 1390 (2).
920 1305 1047 1371 Etenim
1061 1326 1129 1391 quae
1156 1305 1195 1372 ad
1215 1305 1276 1372 vir·
1310 1308 1313 1321 '

136 1429 233 1486 tutem
242 1418 441 1507 pertinebant
451 1418 670 1484 tantummodo
681 1417 868 1507 sequebatur
883 1416 946 1504 (3),
961 1427 1138 1504 postquam,
1152 1418 1191 1484 iis
1205 1437 1275 1505 quae

133 1531 172 1599 de
187 1543 297 1598 natura
308 1530 440 1598 docebat
453 1532 655 1616 Anaxagoras
670 1531 728 1618 (A),
745 1511 826 1597 sicut
849 1529 1007 1613 inanibus,
1024 1529 1225 1617 contemptis,
1241 1530 1274 1597 id

135 1665 246 1725 unum,
272 1656 306 1712 ut
319 1644 433 1728 aiebat,
458 1643 680 1730 inquirendum
703 1644 834 1730 putavit,
858 1647 932 1727 quid
946 1648 978 1708 iu
994 1647 1083 1710 domo
1101 1647 1188 1709 nobis
1208 1665 1276 1712 raa-

135 1764 236 1826 lurnrc
250 1764 399 1826 bonorare
414 1773 487 1827 essct
506 1759 566 1840 (5).

148 1954 151 1961 ι
178 1872 248 1939 Non
261 1873 362 1960 magis
372 1873 604 1941 immorandum
617 1883 692 1959 puto
708 1882 772 1938 tam
787 1892 869 1958 saepe
885 1893 940 1959 pro
957 1872 1138 1939 testimonio
1159 1871 1275 1939 habitis

134 1984 311 2059 Aristotelis
322 1984 426 2052 vorbis
443 1985 504 2072 (6),
518 1995 636 2073 utpote
651 2006 719 2072 quaa
730 1985 815 2075 pario
824 2005 919 2054 sensu
927 1985 1022 2071 accipi
1032 1997 1173 2072 possunt,
1185 1995 1276 2053 etac-

134 2110 225 2187 cepta
238 2113 329 2184 suot,
346 2113 439 2189 atque
453 2102 493 2169 de
508 2102 621 2188 quibus
634 2155 643 2185 ,
654 2113 689 2169 ut
701 2102 741 2168 de
753 2122 867 2189 eaquae
881 2108 991 2172 ἐπίδειξις
1009 2106 1269 2185 πεντηκοντάδραγμς

138 2227 285 2300 vocatur,
306 2217 390 2284 baud
405 2218 481 2285 satis
501 2217 600 2304 liquet
613 2217 675 2304 (7).
698 2217 870 2304 Equidem,
887 2217 1053 2304 siquando
1070 2218 1271 2305 magistrum,

135 2329 341 2396 oscitantibus
355 2329 533 2418 discipulis,
556 2331 713 2398 dicentem
729 2330 821 2397 audio
840 2351 847 2390 ε
866 2333 988 2412 Adeste,
1005 2336 1119 2398 amicit
1135 2351 1206 2397 ecce
1219 2350 1275 2397 vo-

134 2445 184 2511 bis
209 2444 327 2531 aliquid
347 2445 441 2513 aliero
460 2466 499 2512 ex
524 2445 792 2514 demonstratione
812 2446 836 2511 L
863 2444 1020 2510 drachmis
1045 2445 1209 2527 aestimata,
1223 2445 1273 2512 hie

136 2556 212 2622 nihil
228 2557 288 2623 nisi
300 2555 407 2642 jocose
421 2558 540 2625 dictum
559 2559 662 2642 video,
685 2578 746 2644 quo
763 2556 883 2623 solebat
899 2555 944 2622 uti
967 2554 1116 2622 Prodicus
1132 2551 1274 2622 docendo

137 2690 196 2757 qua
209 2671 328 2739 ratione
337 2675 457 2756 judices
470 2685 505 2738 ut
529 2677 692 2739 attendant
707 2679 895 2758 [coeantque
908 2691 1019 2755 rupere
1031 2675 1195 2754 possimus.
1213 2670 1274 2738 Ce-

136 2795 237 2851 terum
250 2784 478 2869 Quintilianus,
496 2786 613 2854 omissa
624 2787 755 2871 facetia,
772 2800 895 2855 tantum
916 2799 1106 2873 praeceptum
1123 2786 1272 2867 retinuit,
1370 2773 1372 2776 ¹

134 2898 292 2974 mouendo
300 2901 468 2964 Prodicum
477 2903 523 2966 itu
531 2903 612 2966 uelut
623 2904 824 2967 dormitantes
836 2922 883 2966 eos
901 2904 1033 2966 carituri
1043 2910 1167 2983 putasse
1178 2899 1240 2988 (8).

172 3138 207 3210 (1)
229 3122 483 3210 cruentasses.

170 3241 208 3308 (2)
221 3240 340 3295 Attamen
355 3240 381 3294 in
396 3240 550 3297 charmide
573 3241 666 3296 latetur
687 3254 746 3295 sese
767 3253 885 3310 persepe
905 3239 1044 3294 Prodicum
1060 3237 1165 3293 nomina
1183 3235 1275 3292 distin-

133 3346 256 3408 guentem
270 3339 374 3394 audisse
389 3356 397 3404 ;
421 3338 468 3395 sed
482 3339 524 3395 bic
537 3339 606 3395 hene
620 3348 688 3395 notae
706 3339 761 3395 Ceii
781 3339 963 3394 consuetudini
982 3336 1067 3407 potius
1087 3352 1166 3407 quarn
1178 3336 1228 3406 ipsi
1240 3338 1274 3392 de

134 3437 295 3506 proprietate
307 3436 436 3492 sermonis
452 3438 578 3494 doctrinae
588 3439 703 3494 alludere
716 3439 826 3495 videtur.
842 3440 973 3501 Ceterum.
989 3446 1017 3492 ut
1030 3437 1064 3492 ait
1080 3437 1193 3507 Spengel
1213 3438 1273 3504 (Ar-

135 3538 384 3608 transcriptores
397 3538 444 3601 ts.
459 3547 514 3595 not.
530 3541 574 3608 2).
589 3539 649 3594 talia
663 3539 690 3594 in
701 3542 809 3595 Platone
819 3537 924 3593 minime
936 3546 994 3592 sunt
1009 3535 1161 3607 premenda.

174 3635 207 3703 (3)
220 3640 331 3692 Menon.
344 3639 392 3699 22.
405 3637 435 3691 G.
676 3618 682 3625 ”

174 3735 207 3802 (lt)
223 3734 354 3790 Phaedon.
370 3749 396 3802 p.
413 3734 474 3797 393.
486 3737 514 3791 G.
531 3735 592 3793 aad.
943 3793 946 3799 ,
1219 3792 1222 3797 ,

174 3831 208 3898 (5)
224 3832 332 3885 Homer.
348 3831 452 3900 Odyss.
469 3816 495 3895 d,
511 3831 573 3894 392.
588 3830 658 3901 apud
671 3831 748 3898 Diog.
771 3834 856 3886 baert.
870 3845 907 3893 u,
928 3829 979 3891 21;
997 3827 1027 3882 A.
1042 3825 1108 3881 Geli.
1124 3829 1204 3880 Noct.
1227 3828 1276 3879 At-

134 3927 182 3982 tic.
197 3940 247 3992 ur,
262 3926 295 3990 63
306 3929 375 3981 Sext.
391 3927 513 3995 Empiric.
529 3929 645 3984 Advers.
660 3927 854 3984 Alattrcmatie.
871 3926 922 3985 lut
934 3934 960 3980 et
970 3923 1033 3984 h39;
1047 3921 1143 3976 Euseh.
1157 3925 1275 3988 Prepa-

133 4033 192 4080 rat.
204 4025 366 4092 Evanpelic.
380 4039 422 4085 xv.
439 4025 483 4081 62.

173 4123 206 4192 (6)
222 4123 362 4179 nteroric.
378 4126 428 4187 ill.
446 4125 489 4183 lt.

172 4222 206 4291 (7)
225 4225 254 4278 v.
271 4221 339 4277 Baelil
350 4224 445 4281 hesic.
461 4223 761 4281 hebraeaus-er.
777 4221 899 4292 Spengel,
914 4217 1137 4286 Artiumscript.
1153 4231 1180 4287 p.
1195 4215 1239 4274 to.

171 4320 207 4391 (8)
221 4321 329 4386 Quintil.
346 4323 387 4386 tv,
401 4322 426 4387 1,
440 4322 456 4391 S
470 4322 514 4378 73.
555 4354 560 4365 ·
